1742 3000
314 138 438 206 252
499 140 561 185 c.
598 139 982 186 connati!
1019 138 1311 186 τΑειτι

314 245 443 287 cum
457 226 617 303 origo
633 223 814 303 Juliae'
830 225 1012 302 gentis
1028 230 1268 300 Aeneas,
1294 220 1519 285 omnes·
1560 267 1577 277 .

315 331 427 390 que
448 310 791 371 Albanorum
819 329 999 386 reges,
1025 325 1086 370 et
1122 309 1392 371 eonditor
1421 329 1520 370 ur·

315 399 403 457 bis
426 395 719 472 Romulus,
734 394 855 477 {³0st
876 397 1081 457 Sabina
1106 395 1396 472 nobilitas,
1411 402 1523 455 At-

318 499 410 543 tus
428 480 681 557 Clausus,
702 498 1023 562 ceteraeque
1047 481 1413 542 Claudiorum
1435 480 1523 540 ef·

325 567 507 646 ligia,
526 569 705 647 longo
721 568 918 630 ordine
941 566 1332 647 spectarentur.
1438 575 1518 628 In·
1537 582 1613 624 ιο

317 652 590 715 tradenda
626 670 808 715 morte
851 651 1041 728 Drufi,
1082 672 1227 733 quae
1264 654 1520 733 plurimis

322 741 676 821 maximeque
708 739 833 801 fidis
876 742 1189 801 austoribus
1212 756 1523 800 memorata

323 825 476 901 sunt,
496 827 720 898 renum
746 825 836 886 sed
859 846 982 886 non
1005 823 1283 889 omiserim
1301 844 1525 886 eorum·

322 912 451 972 dem
467 928 778 993 temporum
795 932 1072 973 rumorem
1095 911 1334 974 validum
1357 911 1527 987 adeo,

324 1014 388 1057 ut
410 998 664 1059 nondum
678 997 978 1059 exolescat.
1009 1001 1302 1080 ‘corrupta
1316 996 1388 1058 ad
1403 995 1522 1059 soe·

324 1083 346 1120 ‘
379 1085 469 1144 lus
480 1086 664 1161 Livia,
689 1085 948 1165 sejanum
964 1083 1148 1164 Lygdi
1161 1104 1388 1165 quoque
1404 1081 1527 1165 spa·

331 1172 353 1205 ‘
378 1171 547 1255 dqnis
570 1174 814 1234 animum
839 1170 1027 1253 stupro
1048 1169 1282 1231 vinxisse
1300 1191 1319 1229 ε
1371 1170 1529 1250 quod

305 1258 349 1289 '‘
378 1260 428 1317 is
456 1258 685 1337 Lygdus
722 1272 904 1319 aetate
938 1273 1108 1337 atque
1141 1256 1326 1317 forma
1365 1277 1526 1317 carus

328 1343 353 1377 ‘
382 1342 645 1420 domino,
666 1346 928 1424 interque
948 1346 1218 1426 primores
1241 1341 1530 1404 ministros

327 1428 349 1460 ‘
371 1444 517 1503 erat;
546 1429 748 1490 deinde
770 1432 922 1490 inter
944 1429 1226 1504 conscios,
1249 1429 1342 1490 ubi
1363 1427 1526 1489 locus

325 1512 349 1551 ‘
371 1515 624 1576 veneficii
643 1512 962 1595 tempusque
975 1516 1279 1598 composita
1300 1515 1433 1594 fiat,
1455 1537 1527 1577 eo

324 1599 350 1632 ‘
371 1601 624 1661 audaciae
659 1605 1007 1681 proveetum,
1041 1619 1106 1664 ut
1137 1618 1375 1664 verteret
1405 1625 1424 1677 ς
1468 1617 1527 1663 et

325 1687 348 1720 ‘
377 1689 599 1750 occulto
622 1688 834 1750 indicio
854 1687 1099 1750 Drusum
1115 1691 1319 1751 veneni
1344 1690 1404 1749 in
1427 1708 1529 1769 pa-

324 1773 346 1805 ‘
375 1791 513 1837 trem
529 1795 790 1854 arguens,
821 1791 1075 1837 moneret
1102 1777 1418 1850 Tiberium,
1439 1775 1528 1836 vi·

327 1861 349 1895 ‘
375 1861 600 1924 tandam
623 1863 915 1943 potionem
944 1882 1086 1942 quae
1107 1863 1286 1944 prima
1305 1865 1358 1922 ei
1379 1859 1525 1941 apud

326 1946 347 1980 ⁸
378 1947 549 2010 filium
580 1948 829 2030 epulanti
861 1946 1195 2023 offen-etun
1237 1968 1306 2009 ea
1331 1945 1525 2008 fraude

325 2033 347 2065 ⁴
376 2049 495 2094 tum
519 2034 723 2109 senem,
749 2034 1036 2116 postquam
1072 2038 1396 2097 convivium
1414 2035 1526 2093 ini·

324 2118 348 2152 ‘
375 2135 515 2195 erat,
542 2135 831 2200 exceptum
854 2120 1118 2201 poculum
1137 2119 1325 2185 Druso
1351 2119 1528 2180 tradi·

325 2203 347 2237 ‘
378 2203 541 2276 diffe3
569 2220 736 2285 atque
764 2207 865 2266 illo
897 2208 1099 2285 ignaro
1121 2223 1179 2267 et
1194 2207 1529 2286 juveniliter

327 2290 347 2323 ‘
370 2293 678 2366 hauriente,
714 2295 926 2351 auctam
950 2290 1338 2373 suspicionem,
1383 2308 1529 2353 tam·

329 2376 351 2408 ‘
375 2378 714 2456 quam'metu
741 2391 799 2435 et
828 2376 1043 2457 pudore
1064 2376 1276 2439 sibimet
1296 2380 1528 2456 inroga-

321 2461 350 2540 „⁴
372 2478 457 2522 ret
505 2470 741 2525 mortem
785 2480 956 2543 quam
1003 2465 1149 2545 patri
1170 2462 1531 2549 ‘struxeratss
