1742 3000
392 153 821 204 Auxanum·
847 162 979 202 mn.
1017 160 1110 203 ιν.
1243 149 1396 224 309·

191 246 214 280 ‘
236 243 307 306 set
323 246 361 305 ε’
388 244 543 305 fimul
567 248 783 305 honora
806 245 874 305 de
899 245 1252 319 Germanico,
1289 251 1371 303 A·

134 328 139 334 ’
190 333 491 413 grippinam
511 329 797 405 miserans,
815 331 1121 391 differebat.
1152 348 1208 390 et
1223 328 1373 410 post·

190 439 349 499 quam
372 421 567 478 Sabinu
576 437 624 493 s,
640 433 702 478 ut
716 418 839 477 sunt
856 417 1058 479 molles
1079 421 1135 476 in
1151 417 1374 477 calami·

190 520 298 565 tate
312 506 627 565 mortalium
645 508 838 579 animi,
854 503 1049 564 effudit
1067 504 1368 583 lacrymas,

184 592 371 671 junxit
402 591 623 670 questus
640 614 659 664 3
700 591 991 651 audentius
1019 593 1137 669 jam
1172 605 1374 651 onerat

186 681 460 757 Sejanum‚
483 678 784 752 saevitiam,
806 677 1135 757 superbiam,
1167 677 1286 758 spes
1311 698 1370 736 e·

179 767 275 844 jus
303 787 321 835 ;
367 784 439 822 ne
463 767 520 821 in
548 766 838 822 Tiberium
863 764 1084 841 quidem
1109 765 1371 824 convicio

186 848 431 909 abstinet.
476 852 627 930 iique
649 847 948 925 sermones»,
977 865 1253 927 tamquam
1274 869 1372 910 ve·

185 939 282 996 tita
304 935 650 1011 miscuissent,
666 935 892 1016 speciem
911 943 1087 997 arctae
1102 937 1373 997 amicitiae

183 1023 376 1084 facere.
427 1045 488 1083 ac
518 1025 634 1102 jam
662 1025 810 1082 ultro
835 1027 1069 1083 Sabinus
1108 1041 1370 1101 quaerere

183 1113 481 1183 Latiarem,
491 1110 762 1166 ventitare
781 1110 1029 1177 domum,
1045 1110 1266 1168 dolores
1284 1109 1373 1168 su·

92 1204 261 1283 69⁰⁸
286 1193 433 1273 quafi
457 1193 525 1252 ad
549 1193 850 1252 fidissimum
883 1194 1112 1253 deferre.
1215 1200 1373 1254 Con·

27 1287 32 1316 r
188 1280 391 1340 sultant
408 1299 548 1359 quos
573 1281 899 1354 memoravi,
936 1299 1176 1362 quonam
1202 1279 1375 1341 modo

185 1388 249 1426 ea
265 1366 500 1448 plurium
518 1366 705 1425 auditu
726 1369 1122 1445 acciperentur;
1143 1388 1268 1427 nam
1287 1367 1373 1428 lo-

28 1199 31 1230 ἓ

185 1475 278 1531 co,
303 1457 361 1538 in
377 1473 537 1532 quem
555 1455 826 1531 coibatur,
842 1452 1106 1516 servanda
1127 1454 1374 1516 solitudi-

183 1544 272 1604 nis
298 1542 464 1602 facies
487 1563 503 1615 ς
551 1558 608 1602 et
636 1541 675 1602 fi
700 1563 845 1621 pone
867 1543 1014 1603 fores
1047 1542 1374 1619 adfisterent,

181 1646 362 1691 metus
388 1627 801 1705 visus‚sonitus,
817 1646 912 1690 aut
931 1630 1077 1690 forte
1093 1647 1247 1691 ortae
1265 1628 1375 1690 sus-

179 1716 417 1797 'picionis
434 1730 573 1775 erat.
626 1720 826 1774 teaum
843 1717 988 1774 inter
1002 1731 1063 1773 et
1077 1717 1377 1794 laquearia,

180 1816 295 1861 tres
320 1799 619 1874 senatores,
634 1800 778 1859 haud
798 1802 983 1859 minus
1006 1804 1149 1880 turpi
1172 1799 1378 1860 latebra

179 1906 352 1965 quam
373 1884 683 1946 detestanda
698 1885 909 1961 fraude,
919 1885 1021 1946 sese
1038 1884 1380 1962 abstrudunt,

179 1973 550 2034 foraminibus
575 1988 632 2030 et
656 1974 808 2031 rimis
835 1993 1020 2033 aurem
1051 1973 1374 2034 admovent.

177 2062 394 2120 interea
418 2059 655 2118 Latiaris
677 2074 952 2137 repertum
969 2061 1028 2117 in
1049 2059 1269 2139 publico
1284 2068 1379 2120 Sa·

177 2144 564 2221 binum‚velut
583 2165 772 2205 recens
788 2148 1014 2224 cognita
1032 2163 1380 2224 narraturus,

176 2232 412 2294 domum
431 2248 488 2292 et
512 2233 570 2292 in
605 2233 913 2294 cubiculum
932 2236 1138 2307 trabit3
1167 2251 1382 2317 praete·

174 2322 401 2400 ritaque
413 2334 469 2379 et
491 2318 770 2396 instantia,
781 2341 1020 2401 quorum
1043 2321 1266 2381 adfatim
1286 2341 1385 2379 co·

174 2407 300 2484 pia,
325 2426 390 2466 ac
415 2426 600 2466 novos
622 2420 861 2467 terrores
881 2408 1145 2469 cumulat.
1192 2402 1384 2465 eadem

175 2490 303 2572 ine,
330 2507 390 2555 et
416 2492 651 2574 diutius,
688 2508 907 2574 quanto
938 2491 1163 2570 moesta,
1188 2492 1284 2552 ubi
1305 2487 1388 2550 se·
