1742 3000
383 177 967 225 Aunnnrummn.
993 178 1089 217 xv.
1214 171 1346 233 245

200 264 406 346 tentanti
430 260 881 343 promptiffimum
897 259 1092 334 visum,
1116 255 1186 317 ad
1204 278 1349 316 uxo·

201 348 410 426 remejus
427 350 643 409 Liviam
659 364 1004 408 convertere.
1041 366 1180 449 quae
1194 344 1352 405 soror

202 436 503 510 Germanici,
535 435 746 495 formae
776 436 940 494 initio
967 435 1159 494 aetatis
1194 432 1353 492 inde-

200 542 357 597 corae,
379 542 517 582 mox
547 522 956 602 pulchritudine
976 513 1351 601 praecellebat.

199 614 343 684 hanc,
372 623 431 667 ut
447 629 635 669 amore
652 606 930 682 incensuS,
960 609 1225 668 adulterio
1241 604 1359 687 pel·

195 696 341 757 lexit:
364 710 419 754 et
438 693 722 773 postquam
744 696 906 773 primi
929 695 1119 771 flagitii
1145 697 1357 772 potitus

194 783 283 857 est,
306 780 512 860 (neque
540 780 745 840 semina
768 778 952 842 amilsa
971 780 1231 859 pudicitia
1253 781 1361 839 alia

195 871 485 944 abnuerit3)
508 866 580 928 ad
609 868 856 946 conjugii
888 864 1055 947 spem,
1086 865 1365 927 consorti-

193 977 278 1017 um
292 957 466 1035 regni,
493 970 550 1015 et
569 976 761 1016 necem
784 956 971 1015 mariti
991 956 1231 1034 impulit.
1280 972 1364 1013 at-

178 1055 294 1124 ·que
312 1044 401 1102 illa
428 1045 520 1101 cui
547 1042 851 1101 avunculus
885 1041 1183 1118 AngustuS,
1214 1040 1368 1101 socer

192 1132 466 1203 Tiberius,
488 1147 562 1186 ex
593 1126 774 1186 Druso
790 1127 973 1201 liberi,
991 1125 1150 1206 seque
1165 1147 1227 1187 ac
1252 1148 1371 1186 rna-

180 1217 335 1294 jores
377 1228 435 1273 et
474 1210 720 1292 posteros
758 1212 1078 1290 municipali
1117 1211 1369 1273 adultero

183 1299 473 1380 foedabat3
500 1314 564 1358 ut
605 1317 710 1379 pro
726 1296 970 1360 honestis
991 1313 1050 1357 et
1078 1298 1375 1379 praesenti·

189 1390 314 1459 bus,
331 1384 595 1463 flagitiosa
617 1400 676 1445 et
692 1388 904 1448 incerta
921 1390 1252 1467 expeetaret.
1287 1387 1374 1448 su-

184 1476 357 1539 mitur
370 1475 431 1533 in
445 1472 838 1536 conscientiam
855 1474 1136 1536 Eudemus
1166 1478 1374 1537 amicus

184 1583 250 1624 ac
268 1561 512 1623 medicus
530 1564 743 1639 Liviae,
768 1561 944 1644 specie
966 1565 1098 1623 artis
1116 1561 1374 1642 frequens

145 1656 158 1667 ‘
181 1646 439 1711 secretis:
484 1648 638 1730 pellit
672 1649 843 1709 domo
883 1651 1114 1727 Sejanus
1144 1668 1378 1709 uxorem

179 1737 502 1814 Apicatam,
530 1755 603 1794 ex
618 1756 728 1814 qua
742 1751 856 1794 tres
873 1735 1074 1794 liberos
1092 1740 1383 1812 genuerat,

179 1841 258 1880 ne
278 1820 464 1899 pellici
487 1818 896 1898 suspectaretur.
945 1819 1034 1880 sed
1057 1820 1382 1898 magnitudo

175 1906 457 1967 facinoris
490 1921 719 1980 metum,
764 1907 1127 1985 prolatione8‚
1173 1905 1387 1967 diversa

108 2007 154 2063 4
194 1990 489 2053 interdum
515 1992 740 2051 confilia
769 1990 1067 2054 adferebat.
1157 1995 1385 2054 Interim

174 2080 322 2139 anni
346 2080 628 2160 principio
651 2076 861 2138 Drusus
888 2099 960 2138 ex
987 2082 1300 2141 Germanici
1318 2082 1387 2141 li·

173 2167 338 2229 beris
377 2181 565 2243 togam
590 2165 805 2227 virilem
842 2163 1095 2247 sumpfitg
1135 2186 1387 2249 quaeque
1486 2156 1495 2163 ¹

173 2250 355 2314 fratri
385 2254 508 2331 ejus
550 2257 761 2314 Neroni
796 2252 1113 2314 decreverat
1146 2253 1391 2330 senatus,
1468 2294 1478 2305 -

176 2342 465 2419 repetitu
490 2340 700 2400 addidit
713 2342 1024 2401 orationem
1042 2339 1236 2400 Caesar
1251 2341 1393 2399 mulss

176 2441 245 2487 ta
270 2446 410 2486 curn
435 2426 592 2485 laude
620 2427 719 2486 filii
744 2425 844 2500 sui,
877 2427 897 2460 ‘
917 2427 1067 2505 quod
1089 2428 1264 2505 patria
1296 2432 1393 2485 be·

173 2514 199 2550 ⁴
214 2510 559 2573 nevolentia
574 2513 633 2573 in
650 2513 835 2573 fratris
851 2511 1053 2574 liberos
1068 2511 1253 2574 foret.'
1263 2531 1393 2574 uam

748 2603 799 2657 L
845 2616 877 2678 3
