1742 3000
344 103 476 164 272
543 105 604 149 c-
639 105 1022 149 counzmr
1056 106 1340 150 rAcrrr

340 187 427 247 dit
456 184 687 267 sequens
710 201 861 246 aetas
894 199 1334 266 praepotentem,
1368 207 1548 250 vena-

338 274 474 347 lem,
524 289 579 332 et
611 271 827 332 Claudii
859 273 1131 352 principis
1164 275 1410 333 amicitia
1443 276 1544 336 diu

336 359 616 441 prospere,
656 378 946 439 nunquam
970 361 1111 418 bene
1127 357 1302 421 usum.
1346 361 1546 422 eadem

336 467 518 527 poena
532 448 595 506 in
612 450 814 505 Catum
828 446 1097 510 Firmium
1113 443 1421 508 senatorem
1434 447 1545 508 sta·

335 536 533 608 ruitur,
557 531 581 566 ‘
604 548 892 612 tamquam
934 530 1078 592 falfis
1096 531 1398 611 majestatis
1429 535 1543 595 cri-

332 620 356 654 ‘
376 621 623 700 minibus
648 618 896 680 sororem
911 617 1230 699 petivisset?
1257 626 1454 696 Catus,
1471 638 1537 680 ut

332 706 545 782 rettuli,
574 709 853 768 Libonem
877 706 1149 766 inlexerat
1179 704 1416 782 infidus,
1436 707 1535 766 de-

329 792 692 870 indejudicio
705 792 1042 874 perculerat3
1060 793 1182 870 ejus
1198 813 1403 873 operae
1417 814 1541 855 me·

327 900 457 941 mor
480 881 766 954 Tiberius,
790 878 880 938 sed
898 878 1003 938 alia
1020 878 1406 958 praetendens,
1429 900 1543 940 ex-

324 964 504 1026 filium
526 964 853 1046 deprecatus
871 962 984 1024 est:
1023 985 1140 1044 quo
1163 968 1347 1026 minus
1370 964 1543 1027 sena-

327 1068 389 1112 tu
415 1051 728 1132 pelleretur,
765 1071 886 1112 non
909 1050 1138 1114 obstitit.
1260 1052 1533 1136 Pleraque
1548 1071 1580 1134 3
1594 1072 1627 1120 2

326 1160 525 1202 eorum
567 1159 711 1220 quae
741 1139 954 1224 rettuli,
990 1135 1240 1219 quaeque
1271 1138 1539 1217 referam,

325 1248 499 1308 parva
522 1226 752 1287 forfitan
769 1241 824 1286 et
848 1226 994 1296 levia
1008 1240 1317 1286 memoratu
1349 1225 1540 1289 videri

325 1331 448 1374 non
487 1312 705 1373 nescius
738 1311 890 1372 sum:
938 1311 1029 1373 sed
1067 1333 1234 1372 nemo
1276 1316 1539 1385 Annales

324 1398 546 1460 nostros
570 1418 699 1458 cum
722 1396 994 1477 scriptura
1007 1419 1202 1459 eorum
1220 1399 1543 1460 contende-

322 1487 419 1559 rit,
444 1487 542 1566 qui
566 1500 781 1546 veteres
799 1486 990 1566 populi
1007 1487 1243 1546 Romani
1262 1506 1346 1545 res
1365 1507 1540 1549 com·

323 1573 574 1656 posuere.
620 1574 872 1651 ingentia
890 1572 970 1632 illi
992 1572 1153 1646 bella,
1183 1577 1542 1653 expugnati-

320 1682 461 1723 ones
504 1662 747 1734 urbium,
791 1658 942 1720 fusos
983 1657 1273 1740 captosque
1310 1677 1476 1736 reges
1511 1685 1535 1737 ς

321 1765 444 1826 aut,
464 1748 502 1809 ss
520 1747 749 1828 quando
766 1747 834 1806 ad
851 1751 1070 1807 interna
1086 1760 1535 1826 praeverterent,

320 1836 624 1898 discordias
638 1832 922 1895 consulum
941 1831 1225 1893 adversum
1238 1832 1506 1894 tribunos
1511 1879 1533 1911 ‚

317 1925 561 2001 agrarias
600 1919 1091 1999 frumentariasque
1123 1921 1296 1997 leges,
1338 1919 1491 1999 plebi
1500 1942 1529 1981 s

315 2025 373 2068 et
395 2011 748 2087 optimatium
765 2010 1088 2082 certamina,
1111 2006 1287 2073 libero
1311 2006 1530 2083 egreffu

311 2097 714 2155 memorabant.
765 2093 931 2151 nobis
950 2094 1016 2152 in
1039 2107 1186 2166 arto,
1209 2108 1266 2150 et
1282 2092 1529 2169 inglori-

313 2201 380 2240 us
397 2180 569 2238 labor.
615 2180 844 2237 immota
867 2179 1073 2256 quippe
1088 2194 1184 2237 aut
1202 2179 1420 2237 modice
1433 2179 1529 2239 la-

313 2266 490 2328 cessita
506 2261 872 2344 pax‚moestae
888 2264 1043 2321 urbis
1059 2284 1169 2338 res,
1184 2280 1241 2322 et
1254 2267 1529 2344 princeps

312 2350 628 2430 proferendi
645 2350 858 2426 imperii
884 2350 1194 2410 incuriosus
1218 2365 1359 2409 erat.
1388 2371 1525 2412 non

307 2453 497 2501 tamen
525 2435 636 2496 fine
677 2433 771 2494 usu
802 2430 992 2512 fueritss
1016 2435 1379 2517 introspicere
1412 2436 1525 2500 illa
