1742 3000
302 156 498 219 —224
561 159 620 203 c,
656 156 1044 201 conanti!
1080 155 1369 200 'raom-1

363 245 614 324 pestique
633 242 949 324 capitalium
989 244 1283 302 criminum
1312 257 1538 325 recepta-

363 332 585 390 bantur.
632 351 735 389 nec
758 328 932 389 ullum
966 326 1094 388 satis
1119 328 1364 390 validum
1385 333 1543 410 impe·

361 417 501 475 rium
519 431 635 475 erat
651 416 976 476 coercendis
992 414 1356 476 seditionibus
1376 438 1544 497 popu-

358 503 425 576 li,
441 503 646 579 flagitia
669 504 957 562 hominum
975 516 1036 560 ut
1052 503 1414 563 caerimonias
1437 512 1559 563 De·-

359 590 454 648 fim
471 591 837 669 protegentis.
886 591 1055 668 igitur
1069 589 1330 669 placitum
1349 605 1408 648 ut
1422 592 1545 650 mit-

359 689 542 735 terent
565 677 819 735 civitates
840 675 988 754 jura,
1004 690 1170 754 atque
1192 676 1421 753 legatos.
1486 690 1541 736 et

359 762 625 842 quaedam
650 762 802 843 quod
819 760 952 823 falso
967 758 1364 841 usurpaverant
1381 762 1541 842 spon·

357 865 415 909 te
441 846 704 908 omiseret
735 846 942 910 multae
958 847 1183 909 vetustis
1212 847 1542 927 superstitio-

357 936 549 1009 nibus,
587 950 684 993 aut
706 936 920 1016 meritis
957 936 1017 993 in
1049 924 1307 1015 pojmlum
1333 939 1545 995 Roma·

356 1042 493 1083 num
518 1020 778 1082 fidebant.
823 1040 1134 1100 magnaque
1154 1022 1274 1099 ejus
1298 1020 1403 1078 diei
1421 1018 1546 1100 spe-

358 1110 470 1169 cies
493 1107 625 1183 fuit,
663 1128 777 1188 quo
799 1105 1016 1168 senatus
1037 1106 1311 1185 majorum
1339 1108 1549 1168 benefi-

358 1199 464 1270 cia,
505 1194 775 1255 sociorum
807 1199 984 1275 pasta,
1018 1215 1206 1271 regum
1242 1197 1409 1254 etiam
1446 1197 1549 1273 qui

354 1300 485 1341 ante
508 1284 621 1341 vim
655 1287 961 1340 Romanam
984 1280 1276 1340 valuerant
1309 1280 1548 1356 decreta,

351 1366 706 1446 ipsorumque
719 1368 1012 1427 numinum
1036 1367 1334 1445 religiones
1364 1370 1551 1426 intro·

351 1451 814 1534 spexit',libero‚nt
837 1452 1285 1532 quondam,quid
1307 1453 1557 1514 firmaret‘

352 1554 676 1600 mutaretve.
764 1539 932 1597 Primi
949 1541 1199 1598 omnium
1218 1541 1432 1620 Ephefii
1451 1541 1555 1600 ad·
1572 1537 1641 1601 61
1714 1568 1715 1573 1

347 1628 485 1702 iere,
508 1638 905 1699 memorantes;
935 1623 955 1656 ‘
974 1639 1196 1702 non,ut
1211 1628 1411 1706 vulgus
1430 1636 1561 1687 cre-‘

349 1714 373 1748 ⁴
401 1714 573 1787 deret,
599 1715 837 1772 Dianam
869 1727 1033 1792 atque
1056 1711 1375 1793 Apollinem
1400 1710 1559 1774 Delo

351 1800 375 1835 ‘
404 1804 655 1881 genitos=
695 1798 798 1859 effe
821 1799 967 1879 apud
984 1798 1035 1859 se
1070 1802 1401 1860 Cenchrium
1428 1820 1559 1860 am·

353 1888 375 1923 ‘
406 1909 557 1962 nem,
595 1888 779 1946 lucum
806 1888 1112 1966 Ortygiam,
1146 1887 1239 1945 ubi
1264 1893 1559 1946 Latonam

348 1974 562 2053 ‘partu
586 1973 892 2051 gravidam,
917 1988 971 2031 et
995 1972 1171 2045 oleae,
1194 1993 1333 2051 quae
1349 1988 1471 2030 tum
1488 1992 1563 2030 e-

347 2060 370 2091 ’
394 2063 526 2117 tiam
551 2075 789 2132 maneat,
811 2055 1076 2130 adnisam,
1101 2056 1320 2116 edidfflb
1340 2076 1404 2114 ea
1432 2075 1564 2115 nu-

325 2142 370 2178 ·‘
395 2145 586 2204 mina:
626 2144 966 2220 deorumque
996 2144 1215 2200 monitu
1265 2138 1565 2206 sacratum

343 2231 368 2266 ‘
391 2249 609 2292 nemus·
656 2243 819 2306 atque
843 2227 1017 2306 ipsum
1049 2226 1164 2287 illie
1190 2225 1568 2307 Apollinem,

344 2314 367 2352 ‘
398 2315 515 2400 post
545 2313 859 2374 interfectos
887 2312 1184 2394 CyclopaS,
1208 2316 1377 2393 ·Jovis
1402 2316 1569 2377 iram

304 2432 308 2437 ·
343 2405 374 2473 ⁴,
391 2400 661 2463 vitavisse.
708 2420 845 2460 mox
874 2403 1136 2462 Liberum
1154 2419 1365 2483 patrem
1390 2401 1570 2463 bello

343 2491 365 2524 ‘
387 2485 1008 2571 vifioremssupplieibus
1029 2494 1384 2552 Amazonum
1404 2507 1569 2569 quae
