1742 3000
423 160 468 205 ιΑ
493 162 859 207 uuAmuM
901 167 1033 208 mn.
1070 169 1164 209 xv.
1287 162 1422 226 279

220 238 247 276 ‘
271 241 402 302 mihi
433 247 491 304 in
509 246 707 306 animis
728 246 916 307 vestris
941 248 1165 326 templa,
1182 249 1284 307 hae
1298 249 1425 326 pul·

217 327 240 361 ‘
263 332 558 390 chen-imae
595 333 824 411 effigies„
855 352 911 394 et
934 336 1248 403 mansurae3
1288 356 1419 395 nam

218 414 238 447 ‘
270 436 413 495 quae
444 415 577 479 saxo
602 418 903 497 struuntur,
932 421 969 480 fi
990 424 1265 499 judicium
1292 420 1420 500 pos,

216 499 238 534 ‘
263 517 508 563 terorum
536 508 595 565 in
634 506 824 568 odium
853 512 1050 580 vertit,
1093 531 1198 589 pro
1241 507 1419 588 sepul-

215 586 240 638 ἶ
262 592 408 649 chris
433 589 783 670 spernuntur.
833 596 1074 674 proinde
1108 596 1313 669 socios,
1336 597 1419 656 ci-

213 673 237 708 ‘
269 696 393 750 ves,
417 692 472 733 et
493 677 625 735 deos
642 696 696 738 et
714 681 848 740 deos
867 682 1016 761 ipsos
1038 703 1253 761 precor:
1282 687 1412 756 hos,

214 758 238 794 ‘
269 776 336 819 ut
350 762 483 820 mihi
500 762 568 821 ad
592 762 757 825 finem
782 766 952 845 usque
976 770 1144 842 vitae,
1173 772 1415 846 quietam

216 843 242 894 ‘-
263 846 731 926 etintelligentem
755 855 985 913 humani
1013 854 1303 934 divinique
1323 855 1421 931 ju·

216 931 243 965 ‘
268 935 345 993 ris
382 952 626 996 mentem
652 939 851 1014 duint;
902 940 1030 1001 illos
1079 957 1140 1001 ut
1162 941 1418 1020 quando·

211 1017 235 1052 ‘
260 1041 497 1101 eumque
511 1025 848 1107 concess'ero,
862 1049 987 1088 cum
1008 1030 1168 1088 laude
1178 1046 1236 1089 et
1250 1031 1412 1089 bonis

213 1103 239 1139 ‘
262 1109 910 1186 recordationibnsssafta
920 1130 1086 1191 atque
1097 1115 1294 1174 famam
1308 1135 1416 1174 no·

212 1189 238 1226 ⁴
262 1195 433 1252 minis
457 1197 562 1254 mei
578 1196 1026 1277 prosequantur.'
1074 1200 1411 1279 perstititque

215 1275 441 1357 posthac
457 1280 673 1342 secretis
689 1287 855 1344 etiam
878 1284 1218 1346 sermonibus
1238 1285 1413 1366 asper·

205 1367 340 1436 vnari
383 1367 544 1427 talem
569 1367 649 1428 sui
688 1372 894 1431 cultum
924 1395 943 1443 ;
977 1373 1130 1451 quod
1156 1373 1248 1431 alii
1288 1394 1412 1433 mo-

201 1449 481 1549 &demam
514 1456 672 1516 multi
694 1460 825 1538 quia
858 1457 1151 1536 diffideret,
1185 1460 1412 1540 quidam

210 1552 280 1600 ut
324 1539 615 1620 degeneris
657 1547 831 1607 animi
879 1549 1407 1631 interpretabantur.

193 1552 515 1710 {optimos
562 1655 602 1714 q
640 1634 768 1715 ippe
811 1636 1128 1697 mortalium
1165 1636 1409 1699 altisfima

193 1708 232 1748 '‘
255 1734 479 1796 cupere.
534 1717 606 1778 fic
640 1721 958 1795 Herculem,
990 1739 1047 1781 et
1068 1726 1326 1783 Liberum
1351 1744 1413 1782 a-

182 1724 236 1937 ξ
254 1801 369 1877 pud
383 1809 629 1864 Graecos
636 1827 655 1878 ;
684 1807 981 1880 Quirinum
996 1808 1141 1888 apud
1158 1830 1291 1884 nos,
1312 1809 1411 1869 de-

260 1886 357 1953 um
395 1908 625 1948 numero
657 1891 898 1952 additos,
960 1893 1157 1954 melius
1194 1895 1411 1972 Augus-³

260 1985 405 2046 tum,
433 1977 529 2053 qui
552 1974 869 2055 speraverit.
929 1995 1109 2040 cetera
1142 1984 1412 2062 principi·

257 2058 362 2118 bus
393 2057 570 2122 statim
619 2062 823 2124 adeste:
882 2086 1053 2128 unum
1089 2067 1410 2131 insatiabili·

191 2141 233 2230 J
264 2160 349 2207 ter
362 2148 691 2230 parandum,
717 2150 1032 2233 prosperam
1050 2155 1129 2216 sui
1146 2159 1409 2235 memori-

128 2295 134 2299 ,
207 2227 235 2262 ‘
257 2252 345 2295 am
365 2258 387 2310 ς
414 2258 543 2297 nam
568 2254 884 2319 contemptu
906 2241 1095 2321 famae,
1120 2246 1406 2306 contemni

128 2313 536 2386 39‘virtutes.’
625 2333 705 2386 At
742 2329 974 2405 sejanus
1015 2334 1184 2392 nimia
1223 2332 1409 2391 fortu-

210 2420 287 2461 na
308 2406 518 2486 socom,
545 2427 600 2472 et
616 2414 870 2474 muliebri
896 2417 1118 2498 insuper
1145 2417 1407 2499 cupidine

205 2485 485 2576 incensus,
506 2499 824 2580 promiss'um
853 2505 1269 2566 matrimonium
1300 2504 1403 2565 fla-
