1742 3000
522 134 943 178 Anxanum
978 137 1109 179 mn.
1136 139 1214 180 11.
1338 136 1464 203 135

256 217 377 278 lum
395 219 816 295 reciperatorem
832 221 1010 290 urbis,
1035 218 1318 300 filiumque
1340 226 1465 299 ejus

260 303 584 379 Camillum,
612 325 779 383 penes
803 305 939 364 alias
971 305 1206 366 familias
1231 311 1465 387 impera·

260 393 413 452 toria
435 390 557 450 laus
583 390 780 451 fuerat.
825 407 995 470 atque
1016 395 1131 466 hic,
1157 414 1321 473 quem
1346 415 1462 454 me·

258 479 641 551 moravimos‚
685 477 956 537 bellorum
992 499 1189 558 expers
1225 482 1467 540 habeba·

259 580 380 636 ται-ς
403 583 470 622 eo
491 565 724 643 pronior
741 550 1012 624 Tiberius*
1022 586 1107 625 res
1126 565 1296 644 gestas
1312 565 1460 647 apud
1511 560 1518 567 ’

261 658 530 709 Senatum
553 649 842 708 celebravit
861 673 879 709 ε
906 667 962 709 et
977 651 1260 712 decrevere
1275 669 1461 733 patres

269 734 626 813 triumphalia
642 732 868 812 infignia
888 759 917 811 ᾗ
943 737 1093 815 quod
1120 740 1351 800 Camillo
1381 742 1461 800 ob

271 819 590 882 modestiam
631 822 773 879 vitae
797 825 1024 901 impune
1052 822 1178 884 fuit.
1225 823 1460 907 sequens

267 928 456 968 annus
481 908 767 967 Tiberium
793 911 981 984 tertio,
1008 914 1398 973 Germanicum
1419 916 1464 972 i-

263 1009 447 1055 terum
463 991 713 1053 consules
741 998 972 1068 babuit;
1000 996 1090 1056 sed
1121 1018 1246 1057 eum
1276 1001 1463 1060 hono·

265 1101 382 1141 rem
415 1083 780 1141 Germanicus
811 1084 941 1140 iniit
974 1082 1124 1162 apud
1160 1087 1346 1144 urbem
1381 1091 1464 1143 A·

266 1167 458 1240 chajae
480 1167 827 1245 Nicopolim,
871 1187 988 1244 quo
1011 1183 1236 1226 venerat
1258 1188 1354 1247 per
1384 1170 1463 1229 11·

264 1253 500 1332 lyricam
517 1272 676 1312 oram
705 1250 824 1310 viso
850 1250 1020 1311 fratre
1038 1251 1219 1312 Druso
1242 1256 1299 1313 in
1324 1255 1461 1314 Dal·

266 1341 440 1401 matia
461 1353 682 1416 agente,
726 1337 1029 1397 Hadriatici
1068 1360 1131 1399 ac
1154 1360 1290 1400 mox
1313 1344 1464 1403 Ionii

266 1428 432 1486 maris
461 1421 741 1485 adversam
782 1425 1195 1504 navigationem
1243 1427 1463 1512 perpes·

266 1512 393 1584 sun
422 1514 589 1591 igitur
605 1532 811 1591 paucos
834 1512 955 1572 dies
977 1511 1258 1597 insumpsit
1284 1516 1461 1578 refici·

268 1599 444 1660 endae
467 1598 641 1658 classi:
686 1597 839 1659 fimul
861 1598 1011 1660 finus
1041 1605 1265 1662 Aeliaea
1286 1605 1465 1664 viiio·

269 1688 355 1745 ria
369 1683 616 1757 inclitos,
649 1701 706 1745 et
735 1684 965 1746 sacratas
990 1689 1061 1746 ab
1086 1686 1332 1766 Augusto
1346 1708 1464 1748 ma·

268 1773 489 1846 nubiaz,
517 1770 789 1851 castraque
809 1774 1045 1833 Antonii
1063 1794 1189 1832 cum
1205 1771 1462 1833 recorda·

268 1860 429 1918 tione
451 1858 721 1935 majorum
761 1856 983 1917 suorum
1010 1858 1182 1930 adiit3
1223 1878 1464 1938 namque

268 1945 344 2018 ei,
382 1959 446 2003 ut
466 1945 800 2018 memoravi„
825 1943 1135 2004 avunculus
1161 1943 1460 2023 Augustus,

270 2051 408 2090 avus
432 2032 717 2090 Antonius
740 2045 926 2103 erant,
951 2051 1260 2110 magnaque
1283 2032 1395 2094 illie
1411 2036 1462 2094 i·

269 2136 432 2194 mago
456 2114 683 2176 tristium
706 2115 1106 2196 laetorumque.
1155 2120 1287 2181 hinc
1317 2142 1458 2182 ven·

270 2217 390 2262 tum
418 2205 688 2276 Athenas,
730 2203 1048 2284 foederique
1078 2203 1253 2268 sociae
1285 2223 1343 2266 et
1363 2227 1464 2267 ve·

269 2287 437 2350 tostae
457 2291 609 2351 urbis
634 2288 845 2366 datum,
871 2306 935 2350 ut
964 2313 1079 2352 uno
1120 2291 1310 2352 lidore
1338 2307 1463 2353 ute·

270 2390 435 2437 retur.
461 2395 726 2454 excepere
743 2379 938 2437 Graeci
954 2376 1131 2457 quaefi
1139 2378 1343 2438 tissimis
1361 2381 1466 2436 ho-

280 2464 531 2545 noribus,
555 2476 747 2525 vetera
771 2460 995 2526 suorum
1028 2463 1170 2525 facia
1207 2463 1463 2540 dietaque
