1742 3000
428 160 469 205 Α
493 161 857 206 unauna
896 162 1030 207 ιιι.
1065 165 1174 205 m.
1299 144 1424 225 185

221 242 245 275 ‘
285 256 420 319 tate,
444 259 501 307 et
530 258 755 326 accepto
785 245 1157 325 quinquagies
1183 240 1423 304 sestertio

219 330 241 362 ⁴
279 331 342 389 in
364 331 549 391 decem
585 351 765 391 annos
792 330 1146 409 relegaretur,
1172 329 1422 410 concessa

217 414 518 478 Plancinae
553 413 937 479 incolumitate
957 419 1034 477 ob
1071 414 1265 497 preces*
1300 424 1420 476 Au·

137 532 160 575 1
173 500 246 573 8‘
269 501 501 580 gustaess
607 504 790 564 Multa
805 523 879 563 ex
898 523 965 563 ea
985 501 1254 567 sententia
1268 503 1420 564 miti-

217 584 357 665 ἐπι
378 588 506 651 sunt
528 592 562 649 a
590 592 871 671 principer
902 590 922 622 ‘
945 611 1018 650 ne
1042 609 1248 651 nomen
1267 587 1418 649 Piso·

218 675 243 706 ‘
280 676 374 734 nis
400 673 549 735 fastis
562 677 913 749 eximeretur,
945 675 1171 757 quando
1191 683 1275 737 M.
1295 683 1418 736 An-

219 758 245 793 ‘
280 762 423 820 tonii
447 763 545 841 qui
566 760 766 820 bellum
791 761 1000 841 patriae
1034 759 1256 834 feciss‘et,
1302 762 1418 837 Juli

216 844 244 877 ‘
273 848 512 908 Antonii
529 848 627 928 qui
648 846 876 908 domum
900 846 1128 926 Augusti
1145 845 1417 924 violasset,

218 931 247 965 ‘
276 935 611 1004 manerentz’
630 949 688 995 et
707 941 791 995 M.
810 933 1061 995 Pisonem
1079 936 1418 1012 ignominiae

215 1022 452 1096 exemit,
487 1021 857 1100 coneeffitquc
889 1023 939 1080 ei
968 1036 1199 1101 paterna
1221 1021 1418 1094 bona;

216 1102 349 1164 satir
372 1105 587 1181 firmus,
607 1119 670 1165 ut
686 1104 841 1186 saepe
866 1106 1190 1180 memoravi,
1222 1105 1416 1164 adver·

216 1188 338 1250 sur'u
357 1193 649 1269 pecuniam
664 1213 683 1260 ς
709 1206 766 1249 et
779 1206 898 1249 turn
914 1189 1124 1270 pudore
1138 1189 1417 1249 absolutae

217 1274 519 1336 Plancinae
534 1274 872 1355 placabilior.
919 1290 1087 1355 atque
1114 1274 1257 1335 idem
1289 1295 1411 1336 cum

216 1362 483 1422 Valerius
501 1357 841 1422 Meffillinus
852 1363 870 1393 ‘
885 1360 1095 1439 lignum
1111 1381 1331 1422 aureum
1349 1364 1409 1423 in

185 1516 190 1522 ,
211 1447 246 1482 ‘'
267 1448 403 1510 aede
419 1449 622 1508 Martis
637 1447 895 1525 Ultoris,'
919 1450 1158 1511 Caecina
1172 1453 1406 1510 Severus

214 1533 240 1568 ‘
260 1554 409 1595 aram
444 1534 651 1602 ultioni
677 1534 1033 1597 statuendam’
1059 1534 1405 1611 censuissent,

209 1623 518 1701 prohibunt
551 1621 571 1653 ‘
595 1623 672 1682 ob
687 1637 941 1682 externas
960 1642 1024 1682 ea
1038 1623 1297 1684 victorias
1324 1619 1408 1682 sa·

209 1706 236 1740 ‘
262 1709 421 1766 crari’
437 1707 717 1780 dictitans,
738 1708 756 1741 ‘
773 1707 1064 1767 domestica
1079 1706 1226 1766 mala
1241 1705 1408 1765 tristi·

211 1789 237 1824 ‘
261 1793 694 1873 tiaoperienda.’
735 1791 1019 1851 addiderat
1039 1790 1406 1868 Mess‘allinus,

209 1876 235 1910 ‘
258 1880 515 1953 Tiberio,
544 1893 600 1938 et
627 1877 918 1955 Augustae,
934 1894 989 1936 et
1018 1871 1322 1951 Antoniae,
1345 1892 1405 1938 et

207 1961 232 1995 ‘
258 1966 615 2045 Agrippinae,
644 1963 957 2041 Drusoque,
997 1964 1072 2021 ob
1104 1961 1401 2023 vindictam

209 2048 233 2084 ‘
258 2053 570 2110 Germanici
606 2065 785 2128 grates
818 2046 1094 2126 agendas}
1119 2045 1399 2109 omiserat·

207 2155 318 2216 que
335 2135 552 2195 Claudii
575 2137 936 2206 mentionem
963 2149 1018 2194 et
1036 2132 1400 2197 Meffallinum

207 2222 428 2302 quidem
459 2229 527 2282 L.
556 2221 828 2303 Asprenas
852 2220 1040 2281 senatu
1063 2242 1248 2282 coram
1276 2242 1398 2301 per-

205 2314 494 2369 cunctatus
509 2306 605 2382 est,
626 2310 644 2341 ⁴
663 2330 733 2369 an
753 2309 998 2389 prudens
1017 2306 1397 2387 praeteriffcti'

206 2415 273 2453 ac
297 2408 412 2454 tum
444 2393 664 2454 demum
688 2415 896 2455 nornen
913 2392 1130 2453 Claudii
1161 2389 1395 2468 adscrip-

206 2494 326 2541 tum
348 2478 444 2542 est.
490 2481 647 2557 mihi,
663 2495 878 2561 quanto
894 2478 1054 2560 plura
1070 2476 1394 2546 recentium,
