1742 3000
342 109 432 187 76
539 130 598 173 c.
634 130 1015 173 contami
1055 132 1338 173 raet-rr

247 268 256 279 ,
343 230 514 268 mum.
652 210 817 268 Haud
839 214 1048 288 pigebit
1073 211 1268 270 referre
1291 213 1352 270 in
1385 209 1575 288 Pala-7
1590 235 1623 294 3

344 297 470 370 nio,
506 311 561 354 et
592 297 824 371 Rubrio,
861 300 1096 356 modicis
1120 299 1396 375 equitibus
1419 303 1534 357 Ro-

343 384 544 457 manis,
561 397 902 461 praetentata
927 386 1193 442 crimina:
1223 398 1305 455 ut,
1330 385 1534 459 quibus

343 469 544 543 initiis,
560 481 766 548 quanta
784 471 998 527 Tiberii
1017 486 1155 543 arte,
1170 469 1535 547 gravissimum

344 558 577 613 exitium
616 552 913 633 irrepserit,
953 556 1081 617 dein
1115 552 1405 635 repreffum
1446 554 1533 630 fit,

346 638 620 721 postremo
639 638 846 714 arserit,
865 647 1167 720 cunctaque
1182 634 1534 720 corripuerit,

346 725 624 787 noscatur.
669 726 897 787 Falanio
920 729 1213 805 objiciebat
1229 726 1535 804 accusator,

347 814 371 844 ‘
395 813 549 892 quod
575 814 720 872 inter
745 814 985 873 cultores
1014 813 1264 891 Augusti,
1308 816 1400 893 qui
1437 834 1536 892 per

346 898 369 931 ‘
394 919 590 958 omnes
613 899 809 958 domos
834 903 893 958 in
926 900 1152 960 modum
1177 899 1537 976 collegiorum

346 985 369 1018 ‘
393 988 750 1056 habebantur,
765 986 993 1045 Caffium
1011 985 1285 1066 quendam
1309 988 1538 1046 mimum

351 1074 372 1104 ‘
402 1093 636 1152 corpore
653 1069 907 1132 infamem
927 1070 1255 1132 adsciviss'et:
1276 1071 1538 1151 quodque

349 1157 372 1190 ‘
401 1158 642 1219 venditis
657 1162 858 1232 hortis»,
883 1159 1105 1218 statuam
1132 1156 1357 1236 Augusti
1379 1155 1539 1218 fimul

351 1245 374 1278 ‘
398 1245 792 1325 mancipaffet.’
839 1248 1053 1305 Rubrio
1069 1247 1286 1304 crimini
1304 1245 1539 1304 dabatur

351 1332 371 1364 ‘
405 1333 673 1392 violatum
721 1334 964 1410 perjurio
1009 1351 1214 1391 nomen
1254 1329 1506 1406 Augusti.
1522 1333 1540 1359 '

352 1439 495 1497 quae
519 1419 611 1476 ubi
640 1416 873 1476 Tiberio
894 1433 1144 1493 notuere,
1166 1414 1372 1496 sctipfit
1395 1419 1540 1476 conss

352 1504 596 1576 sulibus;
623 1505 641 1534 ‘
677 1525 793 1563 non
826 1504 950 1564 ideo
975 1505 1252 1564 decretum
1277 1506 1420 1583 patri
1439 1502 1552 1580 suo·

352 1590 374 1621 ‘
407 1590 647 1666 coelum,
674 1606 735 1648 ut
753 1592 809 1650 in
828 1592 1122 1670 perniciem
1148 1590 1350 1649 civium
1369 1591 1416 1648 is
1432 1593 1543 1648 ho-

336 1676 377 1742 ι’
399 1697 508 1737 nor
522 1692 841 1737 verteretur.
873 1678 1099 1735 camum
1120 1674 1434 1736 histrionem
1452 1672 1543 1735 so·

354 1764 375 1798 ‘
400 1763 560 1824 litum
593 1764 741 1822 inter
776 1763 916 1822 alios
945 1762 1180 1841 ejusdem
1211 1762 1344 1821 artis
1366 1763 1546 1820 inter·

355 1852 377 1883 ‘
401 1850 505 1911 effe
528 1849 693 1924 ludis,
717 1870 859 1929 quos
888 1866 1061 1908 mater
1076 1847 1168 1907 sua
1198 1849 1259 1906 in
1277 1850 1549 1908 memori-

356 1937 379 1970 ‘
405 1959 492 1998 am
511 1936 738 2014 Augusti
762 1934 1024 1995 sacrasset.
1071 1956 1174 1994 nec
1200 1949 1397 1993 contra
1415 1932 1551 1993 reli·

359 2024 381 2057 ‘
405 2027 600 2099 giones
631 2022 770 2096 fieri,
803 2021 954 2100 quod
988 2021 1193 2100 effigies
1215 2020 1357 2097 ejus,
1385 2035 1448 2078 ut
1486 2041 1556 2079 a·

359 2109 382 2142 ‘
407 2110 480 2168 lia
499 2111 785 2167 numinum
811 2107 1113 2182 fimulacra,
1130 2106 1559 2168 venditionibus

361 2195 383 2228 ‘
407 2198 694 2254 hortorum
721 2211 776 2253 et
799 2194 1060 2254 domuum
1095 2194 1380 2254 accedant.
1420 2192 1559 2269 jus-

363 2279 695 2358 ‘jurandum
713 2280 939 2358 perinde
953 2278 1365 2354 aestimandum,
1377 2298 1564 2356 quam

363 2365 384 2399 ‘
407 2365 446 2425 fi
469 2374 668 2442 Jovem
703 2365 996 2438 fefelliss'et3
1046 2366 1274 2426 deorum
1312 2365 1565 2442 injurias

364 2454 386 2487 ⁴
415 2453 522 2514 diis
544 2455 749 2514 curae.'
855 2459 980 2516 Nec
997 2454 1174 2515 multo
1202 2449 1325 2535 post
1347 2453 1658 2533 Grani-74
