1742 3000
399 158 860 220 ‘Autumnum
912 162 1164 205 manv.
1287 158 1411 220 271

223 242 561 324 conquestus
592 239 760 317 effetg
790 242 811 276 ‘
835 240 1215 303 subverterent
1237 246 1424 322 potius

224 331 249 365 ‘
256 333 575 412 jura,quam
586 328 837 392 custodes
848 350 1042 390 eorum
1057 333 1426 390 amoverent?

228 417 302 479 fic
324 417 618 494 delatores,
657 438 831 495 genus
869 419 1160 478 hominum
1199 416 1426 496 publico

226 507 406 565 exitio
429 520 726 584 repertum,
753 518 808 563 et
826 506 1024 583 poenis
1041 504 1263 585 quidem
1281 524 1429 564 nun-

228 612 397 672 quam
427 590 559 652 satis
581 593 912 666 co‘e‘rcitum,
939 612 1035 671 per
1055 592 1300 672 praemia
1327 590 1428 651 eli-

146 698 210 758 3¹
231 681 540 739 ciebantur.
659 680 766 736 His
799 694 913 737 tarn
941 677 1176 740 adfiduis
1204 693 1429 758 tamque

228 763 449 825 moestis
459 761 677 822 modica
686 763 895 822 laetitia
909 764 1427 843 interjicitur,quod

229 856 301 909 C.
334 851 656 910 Cominium
678 852 920 932 equitem
958 856 1267 911 Romanum
1292 870 1430 930 pro·

228 935 376 996 brofi
406 939 468 997 in
489 935 543 997 se
578 940 841 998 carminis
864 938 1204 1012 convictum,
1229 935 1431 998 Caesar

228 1026 486 1104 precibus
501 1024 683 1085 fratris
699 1028 796 1104 qui
818 1023 1040 1084 senator
1053 1039 1191 1097 erat,
1204 1023 1433 1086 conces·

226 1108 314 1170 fit.
360 1127 478 1187 quo
501 1113 675 1187 magis
707 1112 913 1170 mirum
941 1112 1266 1185 habebatur,
1289 1131 1429 1187 gna·

229 1214 355 1255 rum
370 1195 684 1267 meliorum,
699 1210 757 1254 et
773 1214 915 1274 quae
925 1193 1074 1254 sama
1084 1194 1434 1257 clementiam

229 1278 571 1361 sequeretur,
595 1280 834 1342 tristiora
850 1279 1012 1340 malle
1032 1302 1052 1356 3
1077 1300 1259 1362 neque
1278 1284 1434 1343 enim

230 1365 486 1429 socordia
523 1370 784 1449 peccabat
814 1391 835 1442 3
880 1388 987 1429 nec
1033 1368 1315 1431 occultum
1355 1367 1432 1430 est

228 1452 461 1534 quando
484 1476 558 1517 ex
573 1457 825 1533 veritate,
853 1454 1085 1538 quando
1108 1455 1435 1519 adumbrata

224 1542 459 1620 laetitia,
476 1541 615 1630 facta
637 1546 1033 1627 imperatorum
1053 1545 1427 1620 celebrentur3

224 1632 364 1709 quin
387 1630 501 1712 ipse
534 1631 871 1713 compositus
901 1631 1072 1707 alias}
1102 1647 1162 1692 et
1193 1631 1346 1694 velut
1368 1653 1431 1692 e·

225 1715 555 1778 luctantium
588 1722 914 1793 verborum,
939 1717 1174 1778 solutius
1198 1738 1432 1798 promp-

230 1801 852 1882 tiusqueeloquebatur,
883 1806 1146 1883 quotiens
1175 1801 1434 1865 subveni-

227 1902 336 1948 ret.
380 1904 437 1947 at
458 1896 519 1948 P.
542 1889 767 1949 Suilium
784 1889 1124 1968 quaestorem
1147 1889 1432 1972 quondam

231 1976 577 2050 Germanici,
617 1997 741 2035 cum
770 1976 941 2035 'ltalia
963 1990 1260 2052 arceretur,
1288 1997 1432 2038 con·

228 2060 410 2120 vitius
435 2063 726 2140 pecuniam
743 2065 818 2123 ob
836 2061 1320 2141 remjudicandam
1337 2085 1435 2125 ce·

226 2145 383 2228 piffe,
399 2150 418 2180 ‘
444 2148 815 2210 amovendum
838 2152 899 2209 in
923 2148 1428 2227 insulam'censuit3

145 2228 156 2233 ’
228 2250 384 2295 tanta
400 2238 771 2297 contentione
801 2239 996 2313 animi,
1022 2253 1086 2298 ut
1107 2253 1163 2298 et
1179 2238 1430 2318 jurando

227 2321 615 2401 obstringeret,
640 2324 660 2356 ‘
685 2345 717 2384 e
739 2327 1016 2406 republica
1031 2323 1088 2386 id
1103 2325 1250 2388 effe.'
1273 2325 1431 2407 quod

229 2406 412 2486 aspere
451 2429 735 2490 acceptum
772 2411 841 2471 ad
874 2411 1153 2492 praesens,
1198 2430 1337 2472 mox
1365 2412 1430 2472 in

229 2490 445 2556 landem
460 2500 652 2575 vertit,
674 2497 910 2574 regreffo
931 2489 1130 2560 Suilioz
1160 2517 1328 2579 quem
1340 2499 1433 2562 vi·
