1742 3000
405 187 836 238 ἈκκΑιιυη
869 194 1139 238 mnan.
1279 190 1414 258 229

213 270 243 309 ‘
270 283 338 334 'ro
357 273 643 336 accusatos
662 279 706 349 ς’
741 275 1001 336 videlicet
1026 275 1212 356 Scipio
1233 288 1290 336 et
1307 280 1416 335 Ca-

216 375 281 420 to
304 360 433 420 talia
463 361 884 438 ulciscebantur,
905 376 1002 422 aut
1028 362 1119 422 ille
1156 368 1415 436 ScauruS,

214 467 381 528 quem
398 467 669 529 proavum
704 450 883 525 suum,
917 450 1278 530 opprobrium
1293 467 1415 507 ma·

207 535 399 613 jorum
426 534 943 609 Mamercus,infami
963 556 1132 616 opera
1144 531 1415 596 dehoness·

214 622 387 681 tabat.
435 624 609 698 Junio
626 624 839 682 Othoni
868 622 1194 682 litterarium
1219 620 1413 681 ludum

212 727 470 767 exercere
489 724 647 767 vetus
663 729 749 774 ars
780 708 889 767 suit
908 730 924 766 t
957 728 1092 767 mox
1108 709 1287 785 Sejani
1305 727 1412 787 po·

213 794 392 852 tentia
415 791 655 868 senator,
679 793 787 853 obs
778 811 910 856 cura
933 795 1092 853 initia
1125 792 1413 872 impuden-

214 881 366 939 tibus
390 878 527 938 aufis
552 880 913 961 propellebat.
976 879 1282 940 Brutidium
1322 898 1411 938 ar-

211 968 361 1026 tibus
379 967 620 1028 honestis
637 967 944 1047 copiosum,
959 982 1016 1026 et
1030 966 1070 1026 fi
1086 970 1289 1027 rectum
1305 967 1415 1025 iter

212 1069 485 1134 pergeret,
511 1054 576 1113 ad
602 1054 883 1113 clarislirna
898 1072 1144 1133 quaeque
1172 1052 1404 1126 iturum,

209 1138 488 1198 festinatio
526 1137 929 1212 exstimulabat,
976 1138 1108 1197 dum
1146 1136 1414 1215 aequalis,

211 1223 343 1284 dein
368 1221 692 1303 superiores,
725 1221 1001 1305 postremo
1033 1220 1262 1281 suasmet
1300 1220 1418 1301 ipse

211 1308 332 1389 spes
364 1312 574 1368 anteire
596 1325 783 1388 parat:
818 1308 970 1390 quod
1002 1308 1207 1367 multos
1243 1308 1411 1369 etiam

210 1397 399 1456 bonos
436 1394 640 1475 pessum
680 1394 860 1470 dedit,
902 1397 1007 1476 'qui
1042 1393 1234 1475 spretis
1270 1414 1411 1474 quae

207 1482 366 1543 tarda
411 1505 536 1543 cum
576 1481 881 1559 securitate,
924 1498 1270 1565 praematura
1311 1480 1406 1542 vel

117 1570 200 1643 67
216 1591 342 1632 curn
363 1573 540 1629 exitio
555 1588 873 1650 properant.
967 1574 1190 1630 Au'xere
1208 1588 1403 1629 nume·

207 1677 331 1717 rum
363 1655 739 1717 accusatorum
763 1658 974 1739 Gellius
1002 1657 1303 1736 Poplicola,
1349 1670 1409 1715 et

212 1750 298 1804 M.
324 1746 624 1803 Paconius.
693 1743 785 1803 ille
820 1742 1077 1824 quaestor
1101 1743 1290 1815 Silani,
1315 1742 1411 1801 hic

208 1828 443 1906 legatus.
508 1850 612 1889 nec
642 1829 867 1889 dubium
891 1830 1213 1901 habebatur,
1236 1824 1406 1886 saevi·

208 1917 324 1975 tiae
334 1930 725 1996 captarumque
749 1918 1107 1996 pecuniarum
1125 1915 1301 1972 teneri
1321 1932 1408 1972 re-

208 2021 342 2060 um:
398 2000 484 2061 sed
502 2002 675 2061 multa
699 2004 1095 2080 adgerebantur
1118 2001 1283 2060 etiarn
1317 2000 1409 2060 in-

208 2086 461 2148 sontibus
479 2088 799 2168 periculosa,
830 2109 956 2149 cum
975 2085 1132 2167 super
1148 2102 1236 2146 tot
1252 2085 1405 2147 sena-

209 2176 363 2235 tores
391 2173 673 2250 adversos„
699 2175 1089 2235 facundissimis
1125 2176 1303 2234 totius
1325 2180 1404 2232 A·

209 2259 336 2336 fiae,
360 2281 538 2340 eoque
573 2261 645 2321 ad
683 2261 1039 2322 accusandum
1061 2259 1281 2322 delectis
1317 2279 1406 2318 re-

210 2345 504 2427 sponderet
519 2346 689 2423 soluS,
726 2365 784 2408 et
798 2349 996 2408 orandi
1019 2345 1252 2418 nescius,
1277 2364 1406 2423 pro·

213 2435 341 2512 prio
374 2434 436 2493 in
470 2449 639 2508 metu,
662 2435 758 2513 qui
780 2435 1077 2495 exercitam
1100 2448 1326 2510 quoque
1347 2448 1409 2484 e·

212 2518 563 2601 loquentiam
591 2519 873 2585 debilitat:
920 2538 1043 2581 non
1067 2527 1411 2596 temperante
