1742 3000
326 135 415 195 44
511 136 572 179 α.
609 134 987 177 cor-ntur
1024 134 1307 178 τΑσιτι

323 219 506 296 ‘juris
535 217 837 278 violatores
856 206 1122 276 'habet-et?
1154 217 1280 276 ilios
1314 214 1502 277 saltem
1549 212 1566 222 ’

319 305 339 336 ‘
366 324 475 363 avo
488 321 545 364 et
565 302 891 383 reipublicae
908 302 1198 362 redderet.‘
1221 302 1313 361 diu
1334 323 1505 362 cunc-

321 403 492 462 tatus,
516 388 910 469 ›asper-nantem
939 408 1193 461 uxorem,
1233 407 1358 447 cum
1399 389 1415 419 ‘
1458 385 1510 445 se

320 476 341 509 ‘
366 474 502 535 divo
522 473 766 552 Augusto
780 490 1166 553 ortam,neque
1182 473 1510 551 degenerem

320 559 344 593 ‘
366 560 434 620 ad
479 560 734 641 pericula'
785 559 1091 634 testaretur,
1131 558 1404 637 postremo
1442 580 1506 618 u·

270 664 275 669 ·
322 661 502 706 terum
525 646 667 723 ejus,
691 661 748 705 et
764 665 1118 706 communem
1142 644 1314 704 fllium
1331 644 1510 704 multo

317 751 442 799 eum
468 733 593 791 fletu
611 733 954 811 complexus,
978 747 1042 790 ut
1056 733 1227 790 abiret
1243 729 1504 810 perpulit.

318 816 609 878 incedebat
622 817 883 877 muliebre
898 833 956 876 et
971 815 1267 875 miserabile
1284 835 1510 892 agmen,

321 901 555 984 profuga
583 902 741 962 ducis
765 923 910 961 uxor
948 902 1237 983 parvulum
1261 900 1376 960 finu
1402 900 1509 960 fili-

322 1007 418 1051 um
442 986 671 1066 gerens;
695 989 1066 1047 lamentantes
1082 990 1284 1049 circum
1302 989 1511 1048 amico·

321 1070 446 1134 rum
468 1075 759 1152 conjuges,
775 1093 918 1153 quae
941 1071 1092 1133 ssmul
1116 1075 1469 1133 trahebantur
1487 1094 1508 1143 ς

323 1178 430 1221 nee
446 1164 630 1220 minus
647 1158 821 1220 tristes
837 1161 931 1239 qui
957 1160 1275 1219 manebant.
1368 1165 1504 1217 Non
1522 1199 1560 1256 4
1573 1199 1597 1243 ι

320 1244 574 1306 florentis
599 1245 864 1319 Caesaris,
888 1265 1067 1323 neque
1084 1242 1190 1303 suis
1213 1245 1272 1303 in
1296 1242 1505 1314 castris,

322 1327 416 1392 sed
432 1332 583 1390 velut
614 1333 674 1390 in
704 1333 837 1390 urbe
860 1332 1002 1390 vieta
1037 1329 1228 1405 facies,
1256 1328 1515 1407 gemitus-

323 1434 436 1494 que
458 1436 521 1475 ιο
534 1415 807 1496 planitas,
831 1418 999 1474 etiam
1021 1415 1257 1475 militum
1279 1434 1432 1474 aures
1448 1434 1518 1475 ο-

327 1509 499 1580 raque
514 1501 830 1563 advertet-ec
865 1501 1292 1581 progrediuntur
1313 1516 1518 1561 contu·
1607 1565 1614 1569 ,

327 1588 572 1648 berniisz
604 1589 623 1621 ‘
647 1590 772 1666 quis
790 1587 884 1646 ine
907 1588 1100 1647 flebilis
1123 1586 1291 1647 sonus
1314 1585 1518 1666 {quod

326 1670 348 1718 ‘-
379 1688 492 1733 tam
507 1672 681 1733 triste?
706 1673 942 1733 feminas
958 1671 1230 1746 inlustres,
1248 1693 1368 1733 non
1384 1694 1520 1734 een-

328 1757 352 1793 ‘
378 1762 654 1822 tutionem
668 1758 736 1819 ad
752 1759 1002 1828 tutelam,
1020 1779 1138 1818 non
1158 1759 1409 1834 militem,
1427 1761 1516 1818 ni-

328 1843 350 1880 ‘
374 1846 454 1905 hil
477 1848 855 1925 imperatoriae
871 1847 1089 1919 tuterit,
1114 1860 1206 1903 aut
1221 1846 1515 1906 comitatus

333 1930 355 1965 ‘
381 1929 522 1991 soliti
528 1952 772 2011 ,pergere
787 1930 854 1990 ad
880 1935 1161 1990 Treveros
1167 1948 1243 2005 ‚et
1257 1946 1520 1991 externae

332 2015 354 2050 ‘
380 2015 549 2076 fidei.’
594 2017 775 2093 pudor
796 2015 1001 2075 inde.et
1024 2015 1319 2091 miseratio,
1344 2031 1400 2076 et
1421 2037 1521 2095 pa-

334 2103 437 2160 tris
459 2104 754 2179 Agrippae,
776 2100 997 2179 Augusti
1023 2105 1113 2161 avi
1130 2104 1413 2173 memoria,
1432 2099 1518 2161 so-

334 2206 428 2246 cer
465 2186 674 2246 Drusuz
701 2210 721 2258 ς
769 2186 881 2266 ipsa
917 2185 1114 2265 infigni
1152 2186 1485 2249 fecunditate
1501 2230 1522 2260 ‚

337 2272 614 2353 praeclara
635 2272 924 2352 pudicitiae
957 2272 1075 2349 jarn
1109 2273 1293 2332 infans
1324 2275 1382 2332 in
1408 2270 1523 2332 eas·

338 2360 440 2416 tris
461 2360 703 2435 genitae,
741 2360 801 2417 in
831 2361 1202 2419 contubernio
1238 2358 1529 2435 legionum<

336 2441 583 2522 edatius,
616 2464 782 2525 quem
811 2446 1033 2505 militari
1068 2445 1342 2507 vocabulo
1379 2443 1530 2505 Cali-
