1742 3000
346 127 468 187 140
525 130 584 171 c.
622 130 1006 170 coitur-:mr
1043 129 1326 172 ‘raet-1¹1

334 233 523 291 gerere
544 211 689 286 falsa,
717 209 998 291 ipsumque
1023 229 1080 271 et
1107 213 1446 287 Plancinam,
1471 228 1526 273 et

336 300 482 359 filios
503 301 667 358 variis
691 300 872 359 modis
894 302 1175 357 criminari
1196 322 1214 370 ;
1251 298 1525 377 postremo

336 388 521 465 paucis
538 385 880 443 familiarium
896 385 1153 444 adhibitis
1176 384 1349 444 sermo
1366 406 1526 462 coep-

337 487 428 530 tus
455 476 486 529 a
512 469 733 529 Caesare
750 473 966 549 qualem
993 476 1072 530 ira
1099 487 1154 529 et
1177 471 1526 530 distimulatio

337 559 517 634 gignit
554 577 570 613 ε
617 555 930 636 responsum
970 564 1001 616 a
1042 556 1237 616 Pisone
1276 559 1527 635 precibus

341 646 761 702 contumacibus
780 688 796 710 ‚
825 641 1283 721 discefferuntque
1319 644 1529 721 opertis

342 729 487 788 odiis
506 751 524 799 3
556 729 780 808 postque
795 749 954 787 rarus
971 732 1028 787 in
1048 729 1307 787 tribunali
1332 729 1532 788 Caesa·

343 817 420 874 ris
448 814 603 885 Piso;
650 829 705 872 et
729 815 764 873 si
781 816 1008 892 quando
1039 814 1320 888 adsideret,
1344 832 1534 889 atrox,

344 921 409 959 ac
438 899 709 959 dissentire
730 899 1073 971 manifestusg
1097 921 1213 959 vox
1231 921 1454 979 quoque
1477 922 1537 960 e·

340 987 435 1065 jus
453 987 636 1045 audita
648 986 719 1044 est
740 989 794 1044 in
814 990 1103 1059 convivio,
1121 1008 1244 1045 cum
1267 988 1409 1065 apud
1428 993 1537 1045 Re-

349 1094 473 1149 gem
503 1075 904 1131 Nabataeorum
926 1094 1165 1132 coronae
1182 1094 1371 1132 aureae
1387 1094 1540 1150 mag-

301 1176 308 1183 “
354 1181 435 1218 no
461 1158 703 1237 pondere
730 1158 943 1217 Caesari
965 1176 1020 1217 et
1062 1161 1416 1238 Agrippinae,
1459 1160 1543 1217 le-

350 1266 450 1305 ves
476 1244 651 1304 Pisoni
678 1262 732 1304 et
748 1248 943 1304 ceteris
962 1243 1297 1304 offerrentur
1315 1268 1331 1315 3
1353 1248 1371 1276 ‘
1389 1246 1546 1323 prin·

353 1333 373 1363 ‘
397 1334 536 1409 cipis
558 1334 814 1403 Romani,
841 1353 959 1390 non
982 1334 1161 1390 Parthi
1189 1335 1330 1409 regis
1355 1331 1470 1390 filio
1486 1351 1546 1389 e·

352 1416 373 1448 ‘
399 1437 460 1474 as
473 1416 659 1495 epulas
684 1416 800 1474 dari
820 1419 856 1474 :’
883 1419 1192 1496 abjecitque
1209 1417 1546 1477 fimulcoro·

353 1524 505 1575 nam,
544 1518 598 1561 et
632 1503 805 1561 multa
828 1505 887 1560 in
912 1504 1106 1563 luxum
1130 1505 1360 1578 addidit,
1404 1525 1550 1581 quae

353 1591 708 1661 Germanico,
746 1610 1075 1668 quamquam
1109 1595 1316 1666 acerba,
1343 1592 1548 1649 tole-ra·

356 1678 559 1735 bantur
582 1691 787 1735 tamen.
837 1683 988 1734 Inter
1013 1697 1151 1755 quae
1174 1681 1243 1735 ab
1268 1698 1392 1754 rege
1419 1685 1543 1735 Par·
1556 1674 1642 1747 58

358 1765 582 1821 thorum
616 1763 897 1821 Artabano
935 1762 1097 1839 legati
1129 1783 1360 1821 venere:
1389 1760 1547 1821 mise·

359 1865 443 1907 rat
468 1849 485 1879 ‘
514 1851 810 1909 amicitiam
831 1870 897 1908 ac
914 1848 1106 1907 foedus
1131 1869 1552 1924 memoraturos,
1626 1852 1633 1860 '

363 1935 383 1966 ‘
409 1949 463 1992 et
486 1954 684 2013 cupere
706 1937 962 1993 renovari
994 1934 1240 2010 dextras,
1266 1936 1555 1993 daturum·

363 2022 383 2052 ‘
409 2039 515 2097 que
537 2023 740 2078 honori
765 2022 1102 2094 Germanici,
1142 2037 1203 2079 ut
1240 2026 1410 2099 ripam
1439 2027 1554 2082 Eu-

362 2105 384 2138 ‘
408 2108 620 2181 phratis
652 2106 963 2165 accederem
1004 2124 1187 2185 petere
1210 2109 1446 2179 interim,
1480 2128 1559 2166 ne

361 2192 381 2222 ‘
411 2196 688 2248 Vonones
710 2194 767 2250 in
789 2195 941 2270 Syria
961 2194 1271 2266 haberetur,
1297 2213 1401 2250 neu
1422 2213 1558 2270 pro·

366 2277 386 2307 ‘
410 2296 559 2333 ceres
594 2279 838 2352 gentium
880 2280 1206 2357 propinquis
1233 2280 1442 2336 nuntiis
1484 2280 1560 2339 ad

368 2361 389 2393 ‘
410 2359 707 2420 discordias
741 2366 1031 2422 traheret.’
1078 2364 1144 2422 ad
1176 2385 1237 2422 ea
1261 2367 1559 2425 Germani-

368 2467 486 2524 cus,
518 2447 586 2507 de
618 2445 878 2508 societate
911 2456 1291 2511 Romanorum
1324 2455 1562 2511 Partho·
