1742 3000
306 169 430 230 ·16
537 185 1327 230 e.connssL11·rAc1·rr

341 271 364 303 ‘
389 269 566 346 effigie
606 271 917 340 numinum,
959 287 1056 346 per
1081 268 1327 326 flamines
1355 280 1415 324 et
1435 264 1518 325 fiz-

336 356 358 389 ‘
383 356 633 414 cerdotes
656 354 764 413 coli
785 354 970 413 vellet.
1005 374 1075 412 ne
1090 355 1381 412 Tiberium
1399 355 1521 430 qui·

336 442 359 476 ‘
383 439 511 500 dem
533 442 778 512 caritate,
807 455 901 498 aut
916 439 1243 518 reipublicae
1258 460 1387 497 cura
1404 438 1523 497 suc·

337 526 359 560 ‘
384 525 641 586 cefforem
674 526 970 586 adscitum:
1014 523 1103 584 sed
1128 527 1395 603 quoniam
1421 524 1520 583 ad-

335 612 358 646 ‘
381 615 724 690 rogantiam,
771 611 1158 689 saevitiamque
1194 612 1314 687 ejus
1340 614 1522 669 intro-

334 699 359 730 ‘
385 696 645 777 spexerit,
681 700 1094 777 comparatione
1115 696 1403 757 deterrima
1425 695 1522 757 fibi

336 783 612 861 ‘gloriam
653 779 1006 861 quaefiviffe.'
1064 786 1270 842 etenim
1306 781 1520 860 Augus·

333 885 449 941 tus,
476 872 663 949 paucis
687 886 814 928 ante
829 874 1014 943 annis,
1030 891 1153 929 cum
1173 872 1404 929 Tiberio
1422 872 1521 929 tri-

335 957 613 1014 buniciam
637 954 956 1034 potestatem
983 959 1013 1012 ἔι
1038 957 1283 1035 patribus
1308 955 1519 1016 rursum

336 1039 661 1121 postularem
691 1060 1023 1121 quamquam
1062 1046 1279 1100 honora
1308 1045 1520 1100 oratio·

336 1147 432 1200 ne,
458 1127 720 1206 quaedam
758 1128 826 1185 de
850 1131 1036 1188 habitu
1062 1128 1322 1205 cultuque
1346 1144 1401 1186 et
1427 1132 1521 1186 in-

333 1210 535 1272 stitutis
550 1214 902 1291 ejusjecerat‚
929 1236 1067 1293 quae
1090 1214 1238 1271 velut
1256 1214 1518 1272 excusan-

334 1299 409 1358 do
426 1303 799 1379 exprobraret.
831 1307 1086 1359 Ceterum
1107 1300 1378 1376 sepultura
1396 1321 1514 1360 mo·
1537 1324 1556 1363 t
1579 1325 1606 1367 1

334 1405 394 1443 re
418 1385 673 1465 perfecta,
698 1386 960 1463 templum
990 1404 1044 1445 et
1067 1386 1321 1445 coelestes
1342 1388 1520 1463 religi·

333 1491 473 1530 ones
498 1470 886 1530 decernuntur.
919 1490 926 1497 ·
951 1471 1132 1531 versae
1163 1475 1291 1531 inde
1316 1474 1383 1532 ad
1414 1475 1522 1533 Ti·

331 1559 540 1616 berium
576 1578 799 1637 preces3
837 1574 892 1615 et
916 1559 1007 1618 ille
1031 1562 1180 1618 varie
1210 1558 1518 1632 differebat,

332 1643 401 1702 de
425 1644 807 1721 magnitudine
831 1647 1066 1722 imperii,
1105 1645 1193 1702 sua
1220 1645 1518 1717 modestia3

329 1728 350 1761 ‘
376 1729 545 1789 solam
562 1730 676 1788 divi
698 1729 920 1806 Augusti
942 1748 1181 1789 mentem
1199 1745 1384 1789 tantae
1399 1727 1524 1791 moss

330 1815 352 1848 ‘
380 1817 448 1876 lis
477 1836 763 1896 capacem:
793 1816 842 1875 se
867 1819 925 1875 in
954 1833 1160 1896 partem
1187 1839 1439 1876 curarum
1456 1820 1526 1877 ab

329 1901 352 1934 ‘
375 1903 477 1962 illo
525 1918 786 1962 vocatum
804 1945 821 1977 ,
880 1902 1221 1983 experiendo
1259 1903 1531 1979 didiciss'e,

327 1987 349 2019 ‘
379 2009 544 2067 qqam
560 1989 810 2063 arduum,
834 2010 998 2067 quam
1025 1987 1322 2066 subjectum=
1340 1990 1526 2048 fortu-

325 2072 348 2104 ‘
382 2096 487 2133 nae
519 2074 740 2151 regendi
774 2079 971 2133 cuncta
994 2096 1173 2148 onus;
1201 2076 1437 2154 proinde
1463 2077 1526 2137 in

325 2161 348 2194 ‘
373 2162 599 2220 civitate
623 2176 711 2220 tot
751 2160 1067 2220 inlustribus
1102 2163 1236 2222 viris
1267 2160 1528 2236 subnixa,

324 2247 346 2280 ‘
377 2268 493 2305 non
517 2245 584 2304 ad
603 2267 774 2305 unum
792 2249 977 2305 omnia
996 2247 1304 2319 deferrent;
1335 2247 1529 2325 plures

324 2334 344 2364 ‘
367 2333 577 2392 facilius
602 2333 791 2391 munia
817 2334 1146 2411 reipublicae
1181 2332 1401 2391 sociatis
1447 2333 1531 2390 la—

322 2418 344 2450 ‘
374 2420 600 2477 boribus
618 2418 1021 2477 exsecuturos)
1069 2419 1192 2497 plus
1217 2421 1275 2477 in
1304 2420 1525 2477 oratio-

323 2525 396 2565 ne
419 2504 516 2565 tali
538 2505 846 2583 dignitatis,
872 2525 1040 2585 quam
1060 2504 1186 2567 fidei
1205 2521 1357 2566 erat:
1407 2511 1464 2565 T
1469 2508 1525 2567 i·

1719 1255 1731 1299 f
