1742 3000
485 146 1483 224 A·NNALIUM

667 303 1313 354 LIBRIPRIMI

542 432 1430 489 BREVIARIUM.

393 558 633 626 Augustus
653 560 800 611 Nolae
820 572 1030 610 mortem
1060 563 1182 612 obit.
1225 563 1453 611 Tiberius
1478 559 1577 610 suc-

470 638 609 695 cedit,
624 639 753 687 tarde
767 650 816 688 et
831 638 1104 704 cupidinem
1122 639 1270 688 dissim
1279 639 1431 687 ulans.
1447 641 1577 705 &n-

467 715 668 763 nonicas
687 715 903 781 legiones
933 726 1032 763 tres
1058 715 1217 780 gravis
1236 715 1407 764 seditio
1428 715 1580 763 incest

466 789 554 848 fit3
576 807 632 840 ea
650 790 785 841 miflb
804 791 960 840 Druso
983 793 1067 841 Ti.
1090 793 1144 840 F.
1168 808 1307 857 aegre
1324 791 1578 855 componi-

467 867 693 916 tur.idem
711 869 760 918 in
777 870 1044 918 Germania
1059 867 1291 916 inferiore
1310 870 1581 934 motuS,qui

468 942 676 993 consedit
697 962 794 994 non
825 944 920 994 fine
938 945 1165 1012 sanguine
1182 955 1230 993 et
1248 945 1406 993 caede.
1451 947 1580 993 Ger..

466 1022 684 1070 manicus
700 1023 870 1071 Caesar
888 1022 937 1069 in
955 1022 1135 1070 hostem
1151 1021 1310 1070 ducit:
1328 1014 1475 1082 eique
1492 1037 1581 1069 ex·

463 1099 707 1163 peditione
730 1096 890 1154 Marii.
920 1100 1189 1153 Tubantes.
1217 1099 1445 1153 Bructeri,
1475 1098 1580 1146 Ufi-

466 1187 602 1240 petes
627 1175 793 1225 vastati
825 1187 909 1224 aut
941 1174 1077 1224 caefi.
1129 1172 1260 1238 Julia
1294 1173 1491 1240 Augusti
1521 1176 1580 1224 F.

465 1252 644 1318 Rhegii
679 1254 828 1302 vitam
852 1250 995 1300 finiit.
1037 1250 1218 1300 sodales
1251 1252 1298 1299 in
1337 1251 1583 1300 honorem

468 1328 684 1394 Augusti,
709 1340 757 1378 et
774 1328 876 1377 ludi
895 1327 1167 1393 Augustalia
1183 1328 1406 1376 instituti.
1450 1330 1584 1376 Ger-

464 1406 681 1454 manicus
717 1406 890 1454 iterum
931 1405 1151 1454 Rhenum
1188 1403 1482 1459 transmittit.
1528 1407 1585 1454 in

470 1484 640 1532 Cattos
655 1481 799 1539 ducit,
821 1497 977 1548 agros,
1004 1482 1191 1538 domos,
1213 1480 1454 1537 homines,
1476 1481 1588 1532 vas-

464 1568 552 1616 tat,
578 1561 689 1617 urit,
718 1560 890 1608 caedit.
933 1558 1139 1625 Segestes
1158 1557 1396 1606 obsidione
1416 1558 1585 1607 Armi·

465 1636 536 1685 nii
559 1634 801 1686 liberatur.
841 1637 905 1685 ob
937 1635 1053 1684 baec
1074 1639 1344 1700 Imperator
1360 1633 1588 1683 consilu-

466 1723 612 1762 tatus.
633 1712 810 1762 bellum
827 1712 996 1776 deinde
1014 1711 1063 1760 in
1082 1711 1348 1761 cheruseos
1363 1709 1547 1777 gestum
1567 1731 1585 1772 ς

468 1790 691 1853 reliquiae
713 1791 830 1838 Vari
851 1802 899 1838 et
917 1787 1125 1837 militum
1146 1787 1320 1836 lectae:
1348 1787 1492 1853 iisque
1510 1789 1594 1836 su·

464 1882 633 1932 prema
649 1865 822 1915 soluta.
866 1868 1077 1915 Romani
1095 1865 1147 1913 in
1163 1864 1339 1921 reditu,
1359 1862 1440 1913 sub
1461 1868 1594 1914 Cae-

460 1943 572 1992 cina
591 1944 723 2001 duce,
744 1942 1001 2008 periclitati
1020 1959 1033 2000 ;
1076 1954 1240 1990 tamen
1269 1940 1425 1989 hostes
1444 1941 1593 2005 pros-

466 2036 582 2083 pera
598 2020 849 2085 eruptione
873 2017 977 2073 fufi,
1009 2016 1183 2084 fugati.
1224 2015 1485 2080 majestatis
1504 2014 1597 2067 lex

465 2096 659 2146 reducta
685 2108 733 2144 et
754 2096 910 2161 aspere
941 2097 1171 2144 exercita.
1216 2093 1410 2142 Tiberis
1435 2092 1598 2142 inun-

467 2170 566 2220 dat.
635 2171 880 2222 theatralis
922 2170 1158 2220 tumultus
1193 2168 1258 2218 est
1278 2186 1289 2217 ι
1348 2185 1435 2234 per
1472 2186 1598 2220 eam

469 2247 670 2298 caussam
691 2249 882 2298 decreta
909 2250 1101 2297 Patrum
1134 2244 1344 2312 expressa
1367 2245 1423 2295 ad
1442 2247 1601 2294 coer·

463 2325 643 2373 cendos
660 2323 931 2373 histriones.
960 2324 1200 2389 postremo
1218 2324 1375 2371 astum
1396 2321 1456 2371 de
1472 2323 1597 2371 sub-

468 2398 695 2447 ducendis
711 2400 880 2450 Tiberi
900 2400 1033 2466 aquis
1040 2420 1054 2463 ς
1080 2416 1232 2468 eoque
1248 2398 1449 2447 nomine
1466 2414 1601 2464 que.-

467 2470 590 2522 relae
611 2474 859 2526 civitatum
886 2475 1053 2530 Italiae
1074 2479 1123 2530 ei
1142 2476 1431 2546 legationes·
1460 2475 1606 2527 haec

476 2547 673 2599 biennio
692 2547 794 2600 fere
809 2552 953 2620 gesta·
