1742 3000
291 120 415 204 136
480 138 943 182 mensumn
980 139 1270 180 raet-rt

277 222 664 303 praeferentes,
691 239 806 298 quo
825 219 949 297 plus
974 219 1466 296 dignationis'adu-

276 309 413 368 latio
435 310 675 366 haberet.
742 305 1066 364 Petitainde
1083 309 1327 379 Euboea,
1352 323 1461 366 tra·
1475 328 1556 388 54

277 391 419 455 mifit
443 395 705 466 Lesbum,
732 393 827 450 ubi
854 393 1160 471 Agrippina
1178 393 1469 454 noviffimo

278 495 437 561 partu
457 477 656 554 Juliam
673 476 868 547 edidit3
897 493 1013 535 tum
1031 493 1273 537 extrema
1295 478 1470 554 Asiae,

279 568 709 643 Perinthumque
742 584 804 622 ac
833 565 1164 639 Byzantium
1199 567 1471 625 Thracias

279 654 459 723 urbes,
486 671 622 709 mox
641 648 997 727 Propontidis
1018 648 1308 726 angustias,
1331 669 1385 710 et
1402 671 1470 711 os

277 741 569 797 Ponticum
591 738 783 809 intrat,
798 734 1055 815 cupidine
1072 752 1282 795 veteres
1310 737 1469 797 locos

275 839 334 883 et
357 823 500 882 fama
515 822 819 881 celebratos
836 821 1119 892 noscendi3
1158 825 1468 902 pariterque

277 910 597 989 provincias
641 909 877 965 internis
919 910 1332 981 certaminibus,
1370 925 1466 969 aut

267 994 677 1072 *magistratuum
702 994 920 1068 injuriis
944 991 1098 1051 seffas
1137 993 1417 1053 refovebat
1443 1018 1461 1069 3

278 1096 444 1160 atque
467 1081 619 1139 illum
649 1082 707 1138 in
735 1078 963 1155 regreffu
985 1078 1128 1138 sacra
1155 1083 1466 1143 Samothra-

279 1188 403 1227 cum
424 1166 589 1226 visere
606 1169 869 1225 nitentem
877 1166 1046 1238 ,obvii
1066 1166 1352 1242 aquilones
1371 1166 1466 1227 de·

279 1254 484 1331 pulcre.
502 1255 667 1328 igitur
683 1252 790 1308 alio
805 1253 838 1289 ¹*
857 1271 1104 1330 quaeque
1122 1254 1193 1310 ibi
1205 1256 1469 1313 varietate

276 1337 536 1398 fortunae
550 1354 602 1395 et
621 1337 787 1394 nostri
809 1339 1025 1413 origine
1045 1339 1466 1412 veneranda,re·

274 1423 407 1501 legit
434 1422 631 1495 Afiam,
665 1423 997 1502 appellitque
1028 1424 1377 1503 Colophona,
1406 1440 1467 1484 ut

279 1511 451 1568 Clarii
481 1510 752 1586 Apollinis
775 1510 1003 1568 oraculo
1030 1526 1294 1569 uteretur.
1344 1532 1463 1569 non

274 1596 477 1654 femina
495 1596 624 1666 illic,
650 1610 711 1652 ut
736 1594 882 1673 apud
898 1596 1169 1673 Delphos,
1195 1596 1282 1655 sed
1299 1600 1463 1655 certis

279 1686 311 1741 ὲ
330 1681 572 1756 familiis,
595 1697 646 1739 et
664 1680 835 1739 ferme
857 1682 1051 1739 Mileto
1066 1684 1270 1740 accitus
1295 1681 1464 1741 sacer-

274 1768 402 1841 dos,
448 1788 733 1827 numerum
761 1768 930 1825 modo
958 1767 1382 1827 consultantium
1407 1783 1466 1827 et

276 1858 506 1913 nomina
537 1854 719 1912 audit:
763 1868 879 1911 tum
916 1856 975 1911 in
999 1852 1463 1932 specumklegres-

273 1940 382 2013 fiis,
410 1940 589 2017 hausta
612 1941 784 2000 fontis
810 1943 996 1999 arcani
1039 1960 1200 2021 aqua,
1241 1945 1462 2017 ignarus

272 2026 593 2106 plerumque
609 2027 914 2085 litterarum
933 2042 986 2084 et
1007 2028 1333 2101 carminum,
1346 2029 1463 2086 edit

272 2109 523 2191 responsa
554 2112 816 2184 versibus»,
857 2111 1172 2190 compositis
1197 2111 1353 2191 super
1378 2133 1462 2172 re·

271 2200 374 2256 bus
402 2213 537 2273 quas
558 2201 679 2273 quis
704 2212 884 2255 mente
910 2201 1171 2277 concepit
1193 2223 1210 2271 ς
1251 2216 1302 2256 et
1326 2199 1465 2257 fere·

221 2339 224 2342 ,
271 2286 429 2340 batur
466 2285 793 2341 Germanico
820 2302 915 2361 per
950 2287 1224 2360 ambages,
1256 2302 1314 2342 ut
1341 2305 1465 2343 mos

266 2368 526 2436 oraculis,
545 2386 814 2425 maturum
831 2371 1065 2427 exitium
1085 2369 1354 2430 ceciniffe.
1385 2378 1500 2447 At5
1518 2395 1548 2452 ς

266 2457 374 2514 Cn.
403 2453 528 2514 Piso
548 2474 662 2534 quo
677 2458 1064 2535 properantius
1084 2456 1351 2518 destinata
1372 2460 1463 2518 in-
