<?xml version="1.0" encoding="UTF-8"?>
<!DOCTYPE html PUBLIC "-//W3C//DTD XHTML 1.0 Transitional//EN"
    "http://www.w3.org/TR/xhtml1/DTD/xhtml1-transitional.dtd">
<html xmlns="http://www.w3.org/1999/xhtml" xml:lang="en" lang="en">
 <head>
  <title>
</title>
<meta http-equiv="Content-Type" content="text/html;charset=utf-8" />
  <meta name='ocr-system' content='tesseract 3.04.00' />
  <meta name='ocr-capabilities' content='ocr_page ocr_carea ocr_par ocr_line ocrx_word'/>
</head>
<body>
  <div class='ocr_page' id='page_1' title='image "./ccorneliitaciti06grongoog_0019.png"; bbox 0 0 1742 3000; ppageno 0'>
   <div class='ocr_carea' id='block_1_1' title="bbox 504 165 1432 225">
    <p class='ocr_par' dir='ltr' id='par_1_1' title="bbox 504 165 1432 225">
     <span class='ocr_line' id='line_1_1' title="bbox 504 165 1432 225; baseline 0.002 -18"><span class='ocrx_word' id='word_1_1' title='bbox 504 167 924 207; x_wconf 61' lang='lat' dir='ltr'>Auxanum</span> <span class='ocrx_word' id='word_1_2' title='bbox 958 168 1157 208; x_wconf 60' lang='grc' dir='ltr'>ωιι.</span> <span class='ocrx_word' id='word_1_3' title='bbox 1392 165 1432 225; x_wconf 83' lang='grc'>9</span> 
     </span>
    </p>
   </div>
   <div class='ocr_carea' id='block_1_2' title="bbox 226 246 1457 2648">
    <p class='ocr_par' dir='ltr' id='par_1_2' title="bbox 226 246 1457 2648">
     <span class='ocr_line' id='line_1_2' title="bbox 229 246 1430 328; baseline -0.005 -17"><span class='ocrx_word' id='word_1_4' title='bbox 229 249 485 311; x_wconf 80' lang='lat' dir='ltr'>senatum</span> <span class='ocrx_word' id='word_1_5' title='bbox 521 247 796 321; x_wconf 80' lang='lat' dir='ltr'>differuit3</span> <span class='ocrx_word' id='word_1_6' title='bbox 841 252 1010 328; x_wconf 82' lang='lat' dir='ltr'>patris</span> <span class='ocrx_word' id='word_1_7' title='bbox 1032 247 1174 326; x_wconf 84' lang='lat' dir='ltr'>juffa</span> <span class='ocrx_word' id='word_1_8' title='bbox 1213 246 1430 307; x_wconf 72' lang='lat' dir='ltr'>{imula-</span> 
     </span>
     <span class='ocr_line' id='line_1_3' title="bbox 227 333 1432 416; baseline -0.004 -19"><span class='ocrx_word' id='word_1_9' title='bbox 227 341 353 412; x_wconf 84' lang='lat' dir='ltr'>bat,</span> <span class='ocrx_word' id='word_1_10' title='bbox 377 339 582 416; x_wconf 85' lang='lat' dir='ltr'>quibus</span> <span class='ocrx_word' id='word_1_11' title='bbox 601 333 995 414; x_wconf 78' lang='lat' dir='ltr'>praescripfiffet</span> <span class='ocrx_word' id='word_1_12' title='bbox 1012 338 1238 395; x_wconf 83' lang='lat' dir='ltr'>tribuno</span> <span class='ocrx_word' id='word_1_13' title='bbox 1251 333 1432 395; x_wconf 81' lang='lat' dir='ltr'><strong>custo·</strong></span> 
     </span>
     <span class='ocr_line' id='line_1_4' title="bbox 226 420 1428 503; baseline -0.002 -20"><span class='ocrx_word' id='word_1_14' title='bbox 226 425 352 483; x_wconf 89' lang='lat' dir='ltr'>diae</span> <span class='ocrx_word' id='word_1_15' title='bbox 382 420 657 503; x_wconf 86' lang='lat' dir='ltr'>appofito,</span> <span class='ocrx_word' id='word_1_16' title='bbox 701 424 720 452; x_wconf 93' lang='lat'>‘</span> <span class='ocrx_word' id='word_1_17' title='bbox 739 443 812 479; x_wconf 84' lang='lat' dir='ltr'>ne</span> <span class='ocrx_word' id='word_1_18' title='bbox 842 426 1184 481; x_wconf 61' lang='lat' dir='ltr'>cunitaretur</span> <span class='ocrx_word' id='word_1_19' title='bbox 1220 425 1428 501; x_wconf 78' lang='lat' dir='ltr'>Agrip·</span> 
     </span>
     <span class='ocr_line' id='line_1_5' title="bbox 227 505 1428 587; baseline -0.001 -21"><span class='ocrx_word' id='word_1_20' title='bbox 227 511 247 543; x_wconf 78' lang='lat'><em>⁴</em></span> <span class='ocrx_word' id='word_1_21' title='bbox 278 530 410 587; x_wconf 88' lang='lat' dir='ltr'>pam</span> <span class='ocrx_word' id='word_1_22' title='bbox 439 523 623 568; x_wconf 81' lang='lat' dir='ltr'>morte</span> <span class='ocrx_word' id='word_1_23' title='bbox 652 507 904 581; x_wconf 82' lang='lat' dir='ltr'>adficere,</span> <span class='ocrx_word' id='word_1_24' title='bbox 946 508 1280 587; x_wconf 82' lang='lat' dir='ltr'>quandoque</span> <span class='ocrx_word' id='word_1_25' title='bbox 1315 505 1428 586; x_wconf 80' lang='lat' dir='ltr'>ipse</span> 
     </span>
     <span class='ocr_line' id='line_1_6' title="bbox 230 593 1428 676; baseline -0.001 -22"><span class='ocrx_word' id='word_1_26' title='bbox 230 596 251 629; x_wconf 86' lang='lat'>‘</span> <span class='ocrx_word' id='word_1_27' title='bbox 272 595 588 676; x_wconf 81' lang='lat' dir='ltr'>supremum</span> <span class='ocrx_word' id='word_1_28' title='bbox 632 594 775 652; x_wconf 84' lang='lat' dir='ltr'>diem</span> <span class='ocrx_word' id='word_1_29' title='bbox 817 593 1155 673; x_wconf 80' lang='lat' dir='ltr'>expleviffet.</span> <span class='ocrx_word' id='word_1_30' title='bbox 1177 598 1193 623; x_wconf 89' lang='lat'>’</span> <span class='ocrx_word' id='word_1_31' title='bbox 1255 594 1428 653; x_wconf 70' lang='lat' dir='ltr'>multa</span> 
     </span>
     <span class='ocr_line' id='line_1_7' title="bbox 231 678 1428 759; baseline -0.003 -17"><span class='ocrx_word' id='word_1_32' title='bbox 231 682 346 743; x_wconf 87' lang='lat' dir='ltr'>fine</span> <span class='ocrx_word' id='word_1_33' title='bbox 379 681 554 741; x_wconf 86' lang='lat' dir='ltr'>dubio</span> <span class='ocrx_word' id='word_1_34' title='bbox 588 678 849 759; x_wconf 83' lang='lat' dir='ltr'>saevaque</span> <span class='ocrx_word' id='word_1_35' title='bbox 890 680 1159 757; x_wconf 74' lang='lat' dir='ltr'>Augustus</span> <span class='ocrx_word' id='word_1_36' title='bbox 1203 679 1272 739; x_wconf 89' lang='lat' dir='ltr'>de</span> <span class='ocrx_word' id='word_1_37' title='bbox 1298 700 1428 740; x_wconf 86' lang='lat' dir='ltr'>mo·</span> 
     </span>
     <span class='ocr_line' id='line_1_8' title="bbox 231 764 1428 845; baseline -0.003 -17"><span class='ocrx_word' id='word_1_38' title='bbox 231 772 386 828; x_wconf 80' lang='lat' dir='ltr'>ribus</span> <span class='ocrx_word' id='word_1_39' title='bbox 403 764 763 826; x_wconf 79' lang='lat' dir='ltr'>adolescentis</span> <span class='ocrx_word' id='word_1_40' title='bbox 781 765 1018 845; x_wconf 80' lang='lat' dir='ltr'>questus,</span> <span class='ocrx_word' id='word_1_41' title='bbox 1035 783 1096 826; x_wconf 86' lang='lat' dir='ltr'>ut</span> <span class='ocrx_word' id='word_1_42' title='bbox 1107 766 1350 826; x_wconf 84' lang='lat' dir='ltr'>exfilium</span> <span class='ocrx_word' id='word_1_43' title='bbox 1367 787 1428 824; x_wconf 86' lang='lat' dir='ltr'>e·</span> 
     </span>
     <span class='ocr_line' id='line_1_9' title="bbox 229 850 1426 933; baseline -0.001 -19"><span class='ocrx_word' id='word_1_44' title='bbox 229 858 323 933; x_wconf 79' lang='lat' dir='ltr'>jus</span> <span class='ocrx_word' id='word_1_45' title='bbox 346 850 816 913; x_wconf 78' lang='lat' dir='ltr'>senatusconsulto</span> <span class='ocrx_word' id='word_1_46' title='bbox 839 853 1154 927; x_wconf 79' lang='lat' dir='ltr'>sanciretur,</span> <span class='ocrx_word' id='word_1_47' title='bbox 1183 853 1426 933; x_wconf 85' lang='lat' dir='ltr'>perfece-</span> 
     </span>
     <span class='ocr_line' id='line_1_10' title="bbox 230 939 1428 1019; baseline -0.002 -18"><span class='ocrx_word' id='word_1_48' title='bbox 230 959 351 1002; x_wconf 76' lang='lat' dir='ltr'>rat:</span> <span class='ocrx_word' id='word_1_49' title='bbox 380 957 618 1000; x_wconf 80' lang='lat' dir='ltr'>ceterum</span> <span class='ocrx_word' id='word_1_50' title='bbox 634 942 691 998; x_wconf 89' lang='lat' dir='ltr'>in</span> <span class='ocrx_word' id='word_1_51' title='bbox 711 939 916 998; x_wconf 86' lang='lat' dir='ltr'>nullius</span> <span class='ocrx_word' id='word_1_52' title='bbox 939 961 1178 1019; x_wconf 83' lang='lat' dir='ltr'>unquam</span> <span class='ocrx_word' id='word_1_53' title='bbox 1204 939 1428 999; x_wconf 86' lang='lat' dir='ltr'>suorum</span> 
     </span>
     <span class='ocr_line' id='line_1_11' title="bbox 232 1026 1426 1103; baseline -0.003 -15"><span class='ocrx_word' id='word_1_54' title='bbox 232 1048 428 1088; x_wconf 80' lang='lat' dir='ltr'>necem</span> <span class='ocrx_word' id='word_1_55' title='bbox 466 1026 718 1098; x_wconf 85' lang='lat' dir='ltr'>duravit;</span> <span class='ocrx_word' id='word_1_56' title='bbox 767 1046 947 1103; x_wconf 86' lang='lat' dir='ltr'>neque</span> <span class='ocrx_word' id='word_1_57' title='bbox 968 1042 1198 1086; x_wconf 83' lang='lat' dir='ltr'>mortem</span> <span class='ocrx_word' id='word_1_58' title='bbox 1233 1028 1426 1102; x_wconf 79' lang='lat' dir='ltr'><strong>nepoti</strong></span> 
     </span>
     <span class='ocr_line' id='line_1_12' title="bbox 232 1112 1427 1194; baseline -0.003 -22"><span class='ocrx_word' id='word_1_59' title='bbox 232 1135 341 1194; x_wconf 88' lang='lat' dir='ltr'>pro</span> <span class='ocrx_word' id='word_1_60' title='bbox 364 1112 651 1172; x_wconf 79' lang='lat' dir='ltr'>securitate</span> <span class='ocrx_word' id='word_1_61' title='bbox 667 1113 907 1189; x_wconf 84' lang='lat' dir='ltr'>privigni</span> <span class='ocrx_word' id='word_1_62' title='bbox 929 1112 1179 1186; x_wconf 80' lang='lat' dir='ltr'>inlatam,</span> <span class='ocrx_word' id='word_1_63' title='bbox 1201 1112 1427 1171; x_wconf 78' lang='lat' dir='ltr'>credibi-</span> 
     </span>
     <span class='ocr_line' id='line_1_13' title="bbox 234 1200 1432 1276; baseline -0.003 -17"><span class='ocrx_word' id='word_1_64' title='bbox 234 1201 284 1259; x_wconf 85' lang='lat' dir='ltr'>le</span> <span class='ocrx_word' id='word_1_65' title='bbox 299 1215 440 1259; x_wconf 82' lang='lat' dir='ltr'>erat.</span> <span class='ocrx_word' id='word_1_66' title='bbox 487 1201 719 1276; x_wconf 85' lang='lat' dir='ltr'>propius</span> <span class='ocrx_word' id='word_1_67' title='bbox 735 1218 895 1269; x_wconf 81' lang='lat' dir='ltr'>vero,</span> <span class='ocrx_word' id='word_1_68' title='bbox 922 1200 1233 1268; x_wconf 82' lang='lat' dir='ltr'>Tiberium,</span> <span class='ocrx_word' id='word_1_69' title='bbox 1256 1217 1318 1255; x_wconf 86' lang='lat' dir='ltr'>ac</span> <span class='ocrx_word' id='word_1_70' title='bbox 1336 1201 1432 1256; x_wconf 89' lang='lat' dir='ltr'>Li·</span> 
     </span>
     <span class='ocr_line' id='line_1_14' title="bbox 236 1282 1431 1360; baseline -0.004 -13"><span class='ocrx_word' id='word_1_71' title='bbox 236 1290 408 1360; x_wconf 80' lang='lat' dir='ltr'>viam,</span> <span class='ocrx_word' id='word_1_72' title='bbox 438 1286 593 1343; x_wconf 80' lang='lat' dir='ltr'>illum</span> <span class='ocrx_word' id='word_1_73' title='bbox 612 1299 787 1355; x_wconf 84' lang='lat' dir='ltr'>metu,</span> <span class='ocrx_word' id='word_1_74' title='bbox 817 1285 960 1342; x_wconf 78' lang='lat' dir='ltr'>hanc</span> <span class='ocrx_word' id='word_1_75' title='bbox 975 1282 1352 1342; x_wconf 81' lang='lat' dir='ltr'>novercalibus</span> <span class='ocrx_word' id='word_1_76' title='bbox 1366 1304 1431 1342; x_wconf 87' lang='lat' dir='ltr'>o·</span> 
     </span>
     <span class='ocr_line' id='line_1_15' title="bbox 241 1367 1428 1449; baseline 0 -18"><span class='ocrx_word' id='word_1_77' title='bbox 241 1373 370 1441; x_wconf 83' lang='lat' dir='ltr'>diis,</span> <span class='ocrx_word' id='word_1_78' title='bbox 408 1369 635 1449; x_wconf 71' lang='lat' dir='ltr'>suspefti</span> <span class='ocrx_word' id='word_1_79' title='bbox 672 1384 728 1426; x_wconf 86' lang='lat' dir='ltr'>et</span> <span class='ocrx_word' id='word_1_80' title='bbox 763 1367 926 1427; x_wconf 82' lang='lat' dir='ltr'>invifi</span> <span class='ocrx_word' id='word_1_81' title='bbox 956 1370 1178 1447; x_wconf 82' lang='lat' dir='ltr'>juvenis</span> <span class='ocrx_word' id='word_1_82' title='bbox 1215 1370 1428 1431; x_wconf 86' lang='lat' dir='ltr'>caedem</span> 
     </span>
     <span class='ocr_line' id='line_1_16' title="bbox 239 1455 1427 1530; baseline -0.002 -11"><span class='ocrx_word' id='word_1_83' title='bbox 239 1455 586 1519; x_wconf 78' lang='lat' dir='ltr'>festinaviffe.</span> <span class='ocrx_word' id='word_1_84' title='bbox 652 1457 946 1516; x_wconf 67' lang='lat' dir='ltr'>nuncianti</span> <span class='ocrx_word' id='word_1_85' title='bbox 984 1459 1325 1530; x_wconf 76' lang='lat' dir='ltr'>centurioni,</span> <span class='ocrx_word' id='word_1_86' title='bbox 1364 1474 1427 1517; x_wconf 84' lang='lat' dir='ltr'>ut</span> 
     </span>
     <span class='ocr_line' id='line_1_17' title="bbox 238 1542 1431 1623; baseline -0.003 -18"><span class='ocrx_word' id='word_1_87' title='bbox 238 1567 367 1605; x_wconf 85' lang='lat' dir='ltr'>mos</span> <span class='ocrx_word' id='word_1_88' title='bbox 393 1544 641 1617; x_wconf 78' lang='lat' dir='ltr'>militiae,</span> <span class='ocrx_word' id='word_1_89' title='bbox 672 1543 690 1575; x_wconf 92' lang='lat'>‘</span> <span class='ocrx_word' id='word_1_90' title='bbox 722 1542 919 1601; x_wconf 55' lang='lat' dir='ltr'>fasskum</span> <span class='ocrx_word' id='word_1_91' title='bbox 939 1542 1042 1603; x_wconf 79' lang='lat' dir='ltr'>effe</span> <span class='ocrx_word' id='word_1_92' title='bbox 1076 1545 1228 1623; x_wconf 84' lang='lat' dir='ltr'>qnod</span> <span class='ocrx_word' id='word_1_93' title='bbox 1258 1547 1431 1623; x_wconf 87' lang='lat' dir='ltr'>impe·</span> 
     </span>
     <span class='ocr_line' id='line_1_18' title="bbox 239 1628 1430 1707; baseline -0.001 -17"><span class='ocrx_word' id='word_1_94' title='bbox 239 1635 259 1664; x_wconf 88' lang='lat'><em>‘</em></span> <span class='ocrx_word' id='word_1_95' title='bbox 290 1630 482 1699; x_wconf 77' lang='lat' dir='ltr'>raffet3</span> <span class='ocrx_word' id='word_1_96' title='bbox 521 1649 703 1707; x_wconf 86' lang='lat' dir='ltr'>neque</span> <span class='ocrx_word' id='word_1_97' title='bbox 725 1628 1005 1707; x_wconf 72' lang='lat' dir='ltr'>imperass&#39;e</span> <span class='ocrx_word' id='word_1_98' title='bbox 1030 1629 1156 1704; x_wconf 87' lang='lat' dir='ltr'>sese,</span> <span class='ocrx_word' id='word_1_99' title='bbox 1177 1645 1235 1688; x_wconf 51' lang='lat' dir='ltr'>¹et</span> <span class='ocrx_word' id='word_1_100' title='bbox 1259 1634 1430 1690; x_wconf 83' lang='lat' dir='ltr'>ratio·</span> 
     </span>
     <span class='ocr_line' id='line_1_19' title="bbox 241 1714 1431 1796; baseline 0.003 -20"><span class='ocrx_word' id='word_1_101' title='bbox 241 1719 261 1750; x_wconf 78' lang='lat'><strong><em>⁴</em></strong></span> <span class='ocrx_word' id='word_1_102' title='bbox 291 1738 421 1776; x_wconf 83' lang='lat' dir='ltr'>nem</span> <span class='ocrx_word' id='word_1_103' title='bbox 446 1715 574 1774; x_wconf 64' lang='lat' dir='ltr'>faeti</span> <span class='ocrx_word' id='word_1_104' title='bbox 612 1714 939 1773; x_wconf 73' lang='lat' dir='ltr'><strong>reddendam</strong></span> <span class='ocrx_word' id='word_1_105' title='bbox 965 1717 1108 1796; x_wconf 81' lang='lat' dir='ltr'>apud</span> <span class='ocrx_word' id='word_1_106' title='bbox 1135 1715 1431 1791; x_wconf 78' lang='lat' dir='ltr'>senatum‚&#39;</span> 
     </span>
     <span class='ocr_line' id='line_1_20' title="bbox 243 1800 1434 1881; baseline -0.002 -18"><span class='ocrx_word' id='word_1_107' title='bbox 243 1802 556 1881; x_wconf 82' lang='lat' dir='ltr'>respondit.</span> <span class='ocrx_word' id='word_1_108' title='bbox 630 1800 781 1879; x_wconf 89' lang='lat' dir='ltr'>quod</span> <span class='ocrx_word' id='word_1_109' title='bbox 824 1800 1110 1881; x_wconf 86' lang='lat' dir='ltr'>postquam</span> <span class='ocrx_word' id='word_1_110' title='bbox 1157 1801 1434 1862; x_wconf 72' lang='lat' dir='ltr'>sallustius</span> 
     </span>
     <span class='ocr_line' id='line_1_21' title="bbox 245 1886 1434 1966; baseline -0.001 -17"><span class='ocrx_word' id='word_1_111' title='bbox 245 1889 474 1965; x_wconf 85' lang='lat' dir='ltr'>Crispus</span> <span class='ocrx_word' id='word_1_112' title='bbox 500 1889 771 1966; x_wconf 77' lang='lat' dir='ltr'>particeps</span> <span class='ocrx_word' id='word_1_113' title='bbox 798 1886 1131 1947; x_wconf 84' lang='lat' dir='ltr'>secretorum</span> <span class='ocrx_word' id='word_1_114' title='bbox 1154 1887 1232 1957; x_wconf 85' lang='lat' dir='ltr'>(is</span> <span class='ocrx_word' id='word_1_115' title='bbox 1250 1888 1318 1947; x_wconf 83' lang='lat' dir='ltr'>ad</span> <span class='ocrx_word' id='word_1_116' title='bbox 1336 1890 1434 1948; x_wconf 84' lang='lat' dir='ltr'>tri-</span> 
     </span>
     <span class='ocr_line' id='line_1_22' title="bbox 242 1972 1439 2055; baseline -0.002 -19"><span class='ocrx_word' id='word_1_117' title='bbox 242 1979 461 2036; x_wconf 83' lang='lat' dir='ltr'>bunum</span> <span class='ocrx_word' id='word_1_118' title='bbox 506 1972 725 2032; x_wconf 86' lang='lat' dir='ltr'>miserat</span> <span class='ocrx_word' id='word_1_119' title='bbox 763 1973 1088 2050; x_wconf 78' lang='lat' dir='ltr'>codicillos)</span> <span class='ocrx_word' id='word_1_120' title='bbox 1130 1977 1398 2055; x_wconf 84' lang='lat' dir='ltr'>comperit</span> <span class='ocrx_word' id='word_1_121' title='bbox 1419 1998 1439 2036; x_wconf 74' lang='lat' dir='ltr'>z</span> 
     </span>
     <span class='ocr_line' id='line_1_23' title="bbox 244 2058 1440 2140; baseline -0.001 -19"><span class='ocrx_word' id='word_1_122' title='bbox 244 2077 501 2122; x_wconf 82' lang='lat' dir='ltr'>metuens</span> <span class='ocrx_word' id='word_1_123' title='bbox 527 2080 598 2117; x_wconf 84' lang='lat' dir='ltr'>ne</span> <span class='ocrx_word' id='word_1_124' title='bbox 623 2080 741 2117; x_wconf 80' lang='lat' dir='ltr'>reus</span> <span class='ocrx_word' id='word_1_125' title='bbox 760 2058 1095 2135; x_wconf 85' lang='lat' dir='ltr'>subderetur,</span> <span class='ocrx_word' id='word_1_126' title='bbox 1113 2062 1277 2138; x_wconf 79' lang='lat' dir='ltr'><strong>juxta</strong></span> <span class='ocrx_word' id='word_1_127' title='bbox 1295 2065 1440 2140; x_wconf 79' lang='lat' dir='ltr'>peti·</span> 
     </span>
     <span class='ocr_line' id='line_1_24' title="bbox 243 2144 1442 2226; baseline -0.001 -18"><span class='ocrx_word' id='word_1_128' title='bbox 243 2145 439 2208; x_wconf 85' lang='lat' dir='ltr'>culoso</span> <span class='ocrx_word' id='word_1_129' title='bbox 462 2145 588 2204; x_wconf 67' lang='lat' dir='ltr'>fifla</span> <span class='ocrx_word' id='word_1_130' title='bbox 626 2144 714 2204; x_wconf 89' lang='lat' dir='ltr'>seu</span> <span class='ocrx_word' id='word_1_131' title='bbox 749 2167 878 2204; x_wconf 84' lang='lat' dir='ltr'>vera</span> <span class='ocrx_word' id='word_1_132' title='bbox 901 2163 1198 2226; x_wconf 83' lang='lat' dir='ltr'>promeret,</span> <span class='ocrx_word' id='word_1_133' title='bbox 1223 2151 1442 2207; x_wconf 86' lang='lat' dir='ltr'>monuit</span> 
     </span>
     <span class='ocr_line' id='line_1_25' title="bbox 246 2232 1443 2307; baseline 0.001 -15"><span class='ocrx_word' id='word_1_134' title='bbox 246 2235 466 2292; x_wconf 80' lang='lat' dir='ltr'>Liviam</span> <span class='ocrx_word' id='word_1_135' title='bbox 473 2232 523 2306; x_wconf 78' lang='lat'>‚⁴</span> <span class='ocrx_word' id='word_1_136' title='bbox 542 2252 824 2291; x_wconf 80' lang='lat' dir='ltr'>nearcana</span> <span class='ocrx_word' id='word_1_137' title='bbox 833 2232 1127 2307; x_wconf 80' lang='lat' dir='ltr'>domus,ne</span> <span class='ocrx_word' id='word_1_138' title='bbox 1142 2232 1362 2292; x_wconf 82' lang='lat' dir='ltr'>confilia</span> <span class='ocrx_word' id='word_1_139' title='bbox 1380 2256 1443 2293; x_wconf 61' lang='lat' dir='ltr'>a*</span> 
     </span>
     <span class='ocr_line' id='line_1_26' title="bbox 249 2318 1443 2395; baseline -0.001 -17"><span class='ocrx_word' id='word_1_140' title='bbox 249 2321 268 2353; x_wconf 88' lang='lat'>‘</span> <span class='ocrx_word' id='word_1_141' title='bbox 290 2318 887 2389; x_wconf 84' lang='lat' dir='ltr'>micorum,ministeria</span> <span class='ocrx_word' id='word_1_142' title='bbox 899 2319 1136 2378; x_wconf 82' lang='lat' dir='ltr'>niilitum</span> <span class='ocrx_word' id='word_1_143' title='bbox 1152 2319 1443 2395; x_wconf 78' lang='lat' dir='ltr'>vulgaren-</span> 
     </span>
     <span class='ocr_line' id='line_1_27' title="bbox 248 2406 1448 2484; baseline -0.003 -20"><span class='ocrx_word' id='word_1_144' title='bbox 248 2406 269 2438; x_wconf 89' lang='lat'>‘</span> <span class='ocrx_word' id='word_1_145' title='bbox 291 2421 408 2464; x_wconf 77' lang='lat' dir='ltr'>tut:</span> <span class='ocrx_word' id='word_1_146' title='bbox 431 2424 570 2463; x_wconf 86' lang='lat' dir='ltr'>neve</span> <span class='ocrx_word' id='word_1_147' title='bbox 584 2406 844 2462; x_wconf 82' lang='lat' dir='ltr'>Tiberius</span> <span class='ocrx_word' id='word_1_148' title='bbox 862 2407 979 2464; x_wconf 78' lang='lat' dir='ltr'>vim</span> <span class='ocrx_word' id='word_1_149' title='bbox 1003 2408 1343 2484; x_wconf 78' lang='lat' dir='ltr'>principatus</span> <span class='ocrx_word' id='word_1_150' title='bbox 1360 2425 1448 2460; x_wconf 83' lang='lat' dir='ltr'>re·</span> 
     </span>
     <span class='ocr_line' id='line_1_28' title="bbox 254 2487 1457 2568; baseline -0.008 -15"><span class='ocrx_word' id='word_1_151' title='bbox 254 2491 272 2536; x_wconf 61' lang='grc' dir='ltr'><strong><em>ἕ</em></strong></span> <span class='ocrx_word' id='word_1_152' title='bbox 290 2491 556 2568; x_wconf 82' lang='lat' dir='ltr'>solveret,</span> <span class='ocrx_word' id='word_1_153' title='bbox 578 2495 776 2550; x_wconf 57' lang='lat' dir='ltr'><strong>cunita</strong></span> <span class='ocrx_word' id='word_1_154' title='bbox 797 2489 867 2547; x_wconf 81' lang='lat' dir='ltr'>ad</span> <span class='ocrx_word' id='word_1_155' title='bbox 883 2488 1136 2550; x_wconf 84' lang='lat' dir='ltr'>senatum</span> <span class='ocrx_word' id='word_1_156' title='bbox 1157 2487 1415 2548; x_wconf 76' lang='lat' dir='ltr'><strong>vocando</strong></span> <span class='ocrx_word' id='word_1_157' title='bbox 1429 2507 1457 2556; x_wconf 60' lang='grc' dir='ltr'>ς</span> 
     </span>
     <span class='ocr_line' id='line_1_29' title="bbox 751 2582 883 2648; baseline 0 0"><span class='ocrx_word' id='word_1_158' title='bbox 751 2582 804 2633; x_wconf 78' lang='lat' dir='ltr'>A</span> <span class='ocrx_word' id='word_1_159' title='bbox 854 2592 883 2648; x_wconf 83' lang='lat'>5</span> 
     </span>
    </p>
   </div>
  </div>
 </body>
</html>
