1742 3000
355 178 443 239 24
554 181 613 222 c.
651 180 1036 221 coenatu
1075 176 1367 216 ‘raet-rt

347 261 478 319 dum
495 281 696 339 corpus
714 262 1136 338 exprobrantes,
1174 255 1448 337 postremo
1467 259 1537 316 eo

348 347 554 406 furoris
579 366 805 419 venere,
838 363 901 404 ut
928 362 1040 405 tres
1074 344 1321 421 legiones
1348 342 1540 403 misce-

352 435 495 490 rein
530 453 697 491 unam
721 434 1084 510 agitaverint3
1122 429 1326 509 depulfi
1357 450 1538 488 aemu-

351 519 584 593 latione,
608 521 737 597 quia
770 518 890 578 suae
919 517 1146 597 quisque
1181 517 1392 594 legioni
1411 537 1539 575 eum

351 608 622 664 honorem
648 610 1007 682 quaerebant,
1036 604 1148 662 alio
1174 617 1421 677 vertunt,
1459 617 1541 660 at-

353 708 462 768 que
486 712 600 749 uno
639 706 753 749 tres
778 692 992 768 aquilas
1025 708 1080 748 et
1118 687 1266 766 figna
1297 689 1541 748 cohorti-

351 797 447 835 um
488 776 713 837 locantt
760 776 914 836 fimul
947 790 1260 853 congerunt
1288 773 1540 853 cespites,

349 861 638 922 exstruunt
676 863 945 938 tribunal,
988 881 1103 941 quo
1130 864 1302 938 magis
1324 859 1540 941 conspi-

351 969 456 1008 cua
471 946 618 1007 sedes
651 946 817 1008 foret.
869 950 1297 1028 properantibus
1324 945 1540 1006 Blaesus

352 1035 1051 1115 advenit,increpabatque‚
1065 1056 1129 1093 ac
1148 1033 1417 1093 retinebat
1431 1032 1539 1091 fin-

351 1121 537 1198 guloS,
577 1120 889 1195 clamitans„
933 1120 952 1151 ‘
992 1141 1113 1180 mea
1145 1120 1330 1199 potius
1377 1118 1542 1179 caede
1609 1170 1616 1177 .

353 1209 628 1267 ‘imbuite
664 1228 885 1281 manus,
927 1207 1136 1266 leviore
1159 1208 1369 1281 flagitio
1394 1206 1542 1283 lega-

353 1292 374 1325 ‘
400 1310 520 1353 tum
544 1293 908 1367 interficietis,
930 1314 1095 1372 quam
1121 1295 1188 1352 ab
1211 1295 1542 1370 imperatore

359 1378 381 1411 ‘
400 1377 691 1439 desciscitis
711 1402 729 1450 ς
755 1395 846 1438 aut
862 1379 1162 1439 incolumis
1189 1378 1347 1437 fidem
1370 1378 1542 1454 legio-

356 1465 376 1497 ‘
406 1485 539 1525 num
582 1467 871 1524 retinebat
923 1481 1015 1523 aut
1033 1465 1313 1544 jugulatus
1346 1465 1542 1544 poeni-

355 1551 375 1583 ‘
400 1554 628 1611 tentiam
661 1552 1026 1611 adcelerabo.'
1159 1553 1534 1629 Aggerebatur
1553 1575 1576 1617 1
1592 1575 1632 1635 9

357 1638 719 1696 nihilominus
743 1636 948 1717 cespes,
964 1638 1189 1716 jamque
1215 1639 1422 1717 pectori
1454 1634 1543 1696 us·
1567 1655 1570 1658 ’

353 1745 464 1803 que
487 1724 820 1799 adcreverat‚
845 1744 969 1783 cum
996 1724 1216 1782 tandem
1233 1725 1544 1803 pervicacia

354 1813 483 1870 vieti
500 1813 819 1889 incoeptum
845 1807 1093 1869 omisere.
1133 1808 1348 1868 Blaesus
1364 1810 1541 1868 multa

355 1896 575 1956 dicendi
614 1912 751 1970 arte,
792 1897 811 1929 ‘
852 1917 972 1955 non
997 1917 1094 1974 per
1133 1893 1457 1954 seditionem
1484 1912 1542 1954 et

356 1983 376 2014 ‘
402 1985 591 2041 turbas
610 1982 864 2041 defideria
890 1983 1123 2042 militum
1158 1981 1226 2039 ad
1252 1980 1543 2041 Caesarem

355 2071 375 2101 ‘
406 2068 653 2141 ferenda,
680 2073 792 2142 ait3
828 2088 1008 2147 neque
1040 2083 1249 2126 veteres
1276 2070 1343 2127 ab
1365 2070 1541 2149 impe-

355 2153 376 2185 ‘
403 2155 677 2212 ratoribus
716 2152 927 2231 priscis,
963 2174 1141 2232 neque
1164 2152 1311 2232 ipsos
1337 2157 1369 2211 ὲ
1402 2152 1542 2213 divo

352 2239 373 2270 ‘
407 2237 649 2316 Augusto
667 2254 777 2296 tam
797 2259 946 2299 nova
961 2237 1238 2318 petiviss‘e3
1264 2254 1318 2297 et
1344 2260 1542 2318 parum

352 2323 374 2356 ‘
403 2327 461 2383 in
493 2339 741 2401 tempore
783 2326 1110 2404 incipientes
1144 2327 1410 2405 principis
1443 2346 1541 2383 cu-

355 2410 374 2442 ‘
401 2430 485 2469 ras
503 2412 740 2470 onerari.
788 2408 1026 2471 litamen
1053 2410 1341 2471 tenderent
1364 2413 1423 2469 in
1440 2431 1540 2489 pa-

351 2495 372 2531 ‘
402 2518 464 2557 ce
487 2511 718 2573 tentare,
742 2515 884 2575 quae
920 2516 991 2558 ne
1024 2496 1270 2559 clvilium
1310 2496 1537 2578 quidem
