1742 3000
369 137 492 213 176
566 159 623 201 c.
660 160 1043 202 conuentu
1080 159 1377 203 macr-rr

360 240 780 316 quenti‚magno
798 239 1083 299 clientium
1102 241 1315 316 agmine
1330 237 1550 318 ipse,fe·

355 324 628 383 minarum
641 328 904 385 comitatu
919 324 1424 400 Plancina,ctvultn
1437 325 1551 386 ala·

358 427 476 468 cres
498 408 767 470 incessere.
792 410 899 471 fuit
920 415 1065 471 inter
1086 414 1440 471 inritamenta
1460 415 1550 475 in-

357 493 538 555 vidiae
554 498 751 556 domus
767 498 896 557 foro
913 495 1365 573 immInensssesto
1380 518 1553 557 orna·

357 595 442 655 tu,
458 585 914 662 conviviumque,
936 600 992 643 et
1009 584 1220 665 epulae,
1247 599 1306 643 et
1320 583 1547 643 celebri·

355 681 470 727 tate
488 669 594 729 loci
613 668 751 729 nihil
767 671 1070 731 occultum.
1205 669 1421 730 Postera
1451 671 1539 731 dic
1565 690 1642 733 ιο
1720 738 1721 741 ¹

354 753 638 825 Fulcinius
663 759 811 816 Trio
834 755 1087 818 Pisonem
1127 755 1271 836 apud
1302 754 1547 818 consules

356 840 672 919 postulavit3
700 859 899 904 contra
928 843 1190 902 Vitellius
1220 863 1284 903 ac
1307 843 1545 903 Verani—

357 947 421 987 us
438 930 712 1009 ceterique
733 931 1120 989 Germanicum
1148 930 1398 988 comitati
1423 944 1544 989 ten·

352 1012 583 1089 debant,
618 1015 638 1048 ‘
666 1014 848 1074 nullas
869 1014 971 1074 esse
991 1031 1175 1094 partes
1189 1017 1422 1088 Trioni,
1444 1034 1546 1075 ne·

354 1100 377 1131 ‘
404 1122 512 1179 que
530 1100 581 1161 se
603 1101 968 1177 accusatores,
997 1100 1086 1161 sed
1118 1121 1295 1161 rerum
1332 1100 1544 1161 indices

356 1186 376 1218 ‘
402 1202 459 1246 et
475 1187 652 1261 testes,
686 1189 947 1247 mandata
962 1188 1280 1248 Germanici
1304 1187 1543 1266 perlatu-

356 1271 380 1306 ‘
401 1278 543 1334 ros!
596 1275 689 1335 ille
711 1268 931 1333 dimiffa'
955 1275 1074 1352 ejus
1109 1272 1320 1335 caussae
1350 1273 1543 1334 delati-

355 1378 489 1435 one,
520 1360 540 1392 ‘
581 1376 643 1420 ut
673 1364 911 1442 priorem
935 1364 1109 1421 vitam
1127 1359 1420 1420 accusaret'
1441 1361 1543 1418 ob·

353 1447 525 1506 tinuit
544 1467 559 1504 =
583 1449 924 1527 petitumque
943 1444 1018 1507 est
1032 1450 1064 1505 ‘a
1080 1447 1353 1529 principe,
1369 1445 1389 1476 ‘
1408 1464 1542 1523 cog·

352 1530 376 1568 ⁴
397 1534 674 1592 nitionem
688 1535 1011 1612 exciperet?
1026 1532 1177 1611 quod
1194 1552 1265 1592 ne
1277 1551 1400 1591 reus
1415 1533 1541 1610 qui·

354 1617 477 1679 dem
500 1619 797 1694 abnuebat,
829 1618 1001 1679 studia
1030 1619 1221 1699 populi
1244 1633 1301 1677 ct
1323 1633 1542 1697 patrum

352 1720 605 1766 metuens
622 1727 638 1764 ε
664 1719 862 1766 contra
879 1706 897 1737 ‘
913 1706 1201 1766 Tiberium
1219 1701 1545 1783 spernendis

354 1797 376 1829 ‘
400 1793 714 1852 rumoribus
750 1790 991 1851 validum
1012 1833 1031 1864 ,
1078 1805 1134 1849 et
1175 1787 1541 1851 constientiae

352 1880 376 1915 ‘
400 1882 590 1940 matris
616 1880 883 1938 innexum
916 1876 1049 1937 effe:
1093 1895 1333 1955 veraque
1362 1875 1539 1934 autin

352 1970 374 1999 ‘
406 1966 643 2025 deterius
671 1964 897 2039 credita,
919 1962 1105 2042 judice
1131 1964 1199 2021 ab
1229 1981 1345 2020 uno
1366 1959 1539 2019 facili-

357 2054 378 2087 ‘
400 2071 466 2109 us
488 2051 757 2112 discerni:
785 2051 976 2109 odium
1006 2064 1059 2108 et
1094 2047 1360 2107 invidiam
1392 2044 1538 2125 apud

353 2140 376 2173 ⁴
397 2135 606 2197 multos
631 2136 854 2195 valere.'
902 2135 1043 2195 haud
1066 2134 1286 2194 fallebat
1311 2132 1537 2191 Tiberi-

351 2243 445 2286 um
467 2221 639 2281 moles
656 2222 1018 2298 cognitionis,
1036 2240 1253 2298 quaque
1270 2215 1378 2299 ipse
1396 2216 1541 2276 fama

350 2309 751 2373 distraheretur.
799 2309 965 2382 igitur
977 2308 1166 2385 paucis
1190 2304 1541 2365 familiarium

352 2394 631 2466 adhibitis,
676 2393 855 2450 minas
886 2391 1280 2464 accusantium,
1318 2406 1375 2449 et
1405 2392 1540 2450 hinc

352 2501 537 2565 poeces
576 2479 759 2552 audit,
790 2480 1172 2559 integramque
1204 2475 1436 2541 cauffam
1468 2474 1537 2534 ad
