1742 3000
417 174 842 224 ΑΝηΑιιυΜ
880 151 1133 222 12113.1v.⁴
1262 152 1402 241 275

115 266 190 352 36
207 255 316 319 illis
341 259 571 339 gloriam
598 280 870 341 peperere.
923 266 1180 320 Ceterum
1209 261 1393 339 postu-

190 346 375 405 landis
401 349 507 406 reis
534 362 644 406 tam
657 350 964 408 continuus
983 367 1164 407 annus
1184 347 1309 422 fuit,
1331 362 1396 409 ut

192 432 452 493 feriarum
478 438 804 494 Latinarum
831 436 1022 495 diebus
1054 433 1389 496 Praefee’tum

190 523 342 579 urbis
372 519 611 581 Drusum
645 520 953 602 auspicandi
1006 523 1180 599 gratia
1215 524 1389 582 tribu-

191 607 286 666 nal
301 606 619 685 ingreffum,
643 608 838 667 adierit
862 608 1191 688 Calpurnius
1208 609 1386 669 Salvi·

189 714 330 752 anus
360 696 419 752 in
445 700 574 752 Sex.
611 694 883 765 Marium;
926 694 1075 772 quod
1101 716 1134 752 a
1164 694 1390 756 Caesare

190 779 371 858 palam
396 780 725 857 increpitum
748 777 922 838 cauffa
937 779 1391 841 exfiliisalviano

190 864 320 924 fuit.
368 866 582 943 objesta
616 865 831 945 publice
859 867 1158 945 Cyzicenis
1182 867 1200 898 ‘
1226 868 1387 927 incu-

189 949 216 984 ‘
236 952 318 1011 ria
357 954 810 1013 caerimoniarum
835 952 954 1013 divi
980 952 1249 1031 Augusti,’
1289 953 1388 1013 ad-

188 1036 319 1098 ditis
358 1039 378 1071 ‘
418 1040 723 1100 violentiae
759 1038 1087 1100 criminibus‘
1104 1039 1388 1101 adversum

188 1123 209 1156 ⁴
233 1127 384 1184 cives
419 1131 706 1185 Romanos
726 1148 745 1197 3
772 1128 789 1153 ’
832 1141 890 1184 et
911 1125 1132 1185 amisere
1155 1125 1382 1184 liberta-

189 1225 325 1286 tem,
350 1230 517 1289 quam
545 1209 693 1272 bello
713 1210 1059 1269 Mithridatis
1074 1227 1386 1271 meruerant

186 1294 530 1369 circumseffi,
564 1316 667 1356 nec
703 1297 892 1355 minus
931 1295 1024 1355 sua
1055 1296 1386 1373 constantia,

189 1402 356 1462 quam
394 1381 655 1462 praesidio
679 1383 894 1444 Luculli
919 1382 1077 1465 pulso
1109 1405 1253 1462 rege.
1325 1401 1384 1445 at

185 1470 457 1549 Fontejus
486 1472 709 1550 Capite,
740 1471 834 1553 qui
869 1470 1165 1553 proconsul
1200 1468 1382 1534 Aliam

183 1574 494 1634 curaverat,
513 1557 837 1632 absolvitur,
861 1575 1156 1640 comperto
1181 1558 1304 1620 fidia
1320 1563 1381 1621 in

183 1666 307 1705 eum
325 1648 581 1722 crimina,
596 1666 695 1727 per
712 1649 944 1707 Vibium
959 1653 1220 1706 Serenum
1240 1669 1259 1720 ;
1278 1668 1380 1706 ne-

183 1752 293 1811 que
325 1748 514 1793 tamen
541 1733 597 1790 id
621 1740 826 1791 Sereno
850 1751 1035 1792 noxae
1058 1731 1184 1806 fuit,
1211 1752 1378 1810 quem

180 1818 376 1877 odium
394 1817 673 1897 publicum
691 1820 954 1878 tutiorem
972 1816 1229 1888 faciebat3
1248 1838 1380 1879 nam

181 1919 247 1964 ut
263 1905 389 1981 quis
404 1901 693 1963 districtior
708 1902 1011 1978 accusator,
1035 1902 1183 1962 velut
1199 1900 1382 1965 sacro-

179 1989 400 2052 sanstus
419 2005 565 2049 erat:
588 1989 762 2064 leves,
774 1989 1064 2066 ignobiles,
1074 1993 1268 2070 poenis
1286 1990 1383 2051 ad·

81 2077 531 2173 37ficiebantur.
643 2083 747 2137 Per
769 2076 912 2136 idem
943 2089 1160 2157 tempus
1175 2076 1376 2159 Hispa-

177 2168 272 2225 nia
302 2166 568 2239 ulterior,
606 2163 768 2224 mislis
804 2162 874 2223 ad
909 2161 1154 2224 senatum
1177 2164 1376 2245 legatis

177 2254 385 2331 oravit,
398 2251 419 2284 ‘
435 2267 498 2311 ut
516 2251 772 2331 exemplo
794 2248 949 2311 Aliae
964 2251 1246 2314 delubrum
1265 2255 1373 2314 Ti·

139 2370 152 2377 -
184 2334 379 2399 ‘'berio
402 2342 676 2419 matrique
711 2339 830 2417 ejus
863 2339 1226 2412 exstrueret3'
1264 2358 1378 2417 qua

178 2423 463 2486 occafione
501 2424 714 2500 Caesar,
742 2424 972 2486 validus'
990 2426 1199 2504 alioqui
1224 2423 1373 2502 sper·-

177 2510 377 2569 nenclis
427 2515 737 2572 honoribus
757 2553 776 2585 ,
833 2526 890 2569 et
936 2509 1373 2592 respondendum

175 2610 334 2657 ratus
368 2599 437 2658 iis
493 2617 729 2677 quorum
777 2616 999 2658 rumore
1047 2596 1372 2674 arguebatur
