1742 3000
438 156 868 200 ammarum
901 158 1149 201 amn.
1250 200 1255 203 ⁷
1292 155 1407 222 131

214 253 439 315 cantur,
483 256 539 299 et
572 238 1066 314 fflerocaesaream,
1112 239 1417 318 Myrinam,

219 330 462 405 Cymen,
490 328 781 401 Tmolum,
818 327 991 386 levari
1023 322 1165 385 idem
1190 328 1249 385 in
1275 340 1415 385 tem·

216 432 324 493 pus
348 414 590 487 tributis,
619 415 897 493 mittique,
917 432 990 472 ex
1013 410 1202 471 senatu
1225 412 1417 492 placu-

217 501 387 578 it,qui
403 496 705 577 praesentia
715 498 997 578 spectaret,
1008 498 1415 576 refoveretque;

217 584 462 645 delectus
485 584 560 643 est
583 591 671 644 M.
709 584 900 645 Aletus
923 588 956 643 ὲ
995 585 1309 665 praetoriis,
1340 606 1415 643 ne

215 669 501 731 consulari
540 672 833 730 obtinente
867 668 1046 729 Afiam
1062 713 1081 744 ,
1121 672 1427 729 aemulatio·

220 757 373 814 inter
392 774 574 835 pares,
598 771 655 815 et
671 775 741 816 ex
754 776 822 816 eo
836 755 1282 835 impedimentum
1299 758 1423 816 ori-

118 845 216 922 48
232 860 401 901 retur.
453 883 464 891 -
522 841 872 919 Magnificam
899 844 958 902 in
994 843 1268 921 publicum
1302 843 1413 902 lar-

216 930 487 1005 gitionem
505 930 660 988 auxit
684 927 883 988 Caesar
905 928 1052 988 haud
1074 931 1261 988 minus
1286 949 1427 1006 gra-.

218 1029 279 1074 ta
300 1013 637 1090 liberalitate,
665 1015 819 1096 quod
833 1017 983 1074 bona
1004 1015 1265 1074 Aemiliae
1284 1022 1342 1073 M
1349 1035 1415 1072 u-

221 1097 307 1159 sae
325 1099 617 1179 locupletis
641 1101 923 1161 intestatae
937 1102 1108 1179 petita
1124 1103 1183 1158 in
1200 1098 1429 1175 fiscum,

220 1187 460 1246 Aemilio
485 1185 720 1264 Lepido,
751 1189 913 1263 cujus
937 1190 970 1243 ὲ
994 1185 1166 1247 domo
1187 1184 1414 1244 videba-

217 1286 352 1343 tut-3
390 1286 445 1331 et
478 1272 690 1332 Patulei
731 1272 923 1331 divitis
969 1273 1171 1349 equitis
1207 1277 1416 1330 Roma·

220 1360 284 1418 ni
301 1358 658 1419 hereditatem
673 1359 1036 1438 (quamquam
1053 1355 1163 1437 ipse
1178 1360 1333 1417 heres
1349 1358 1415 1417 in

221 1460 379 1524 parte
400 1443 699 1523 legeretur)
732 1443 979 1506 tradidit.
1045 1451 1130 1506 M.
1157 1445 1421 1521 Servilio,

220 1551 385 1611 quem
424 1534 702 1611 prioribus
726 1553 910 1613 neque
932 1529 1184 1612 suspeftis
1209 1533 1417 1592 tabulis

219 1617 483 1697 scriptum
508 1633 881 1697 comperet-au
910 1619 931 1653 ‘
969 1621 1316 1678 nobilitatem
1349 1639 1416 1677 u·

222 1702 245 1737 ⁴
278 1703 518 1784 triusque
533 1708 759 1782 pecunia
768 1705 1093 1782 juvandam’
1116 1702 1415 1783 praefatus.

222 1809 403 1869 neque
426 1791 776 1851 hereditatem
797 1788 1115 1868 cujusquam
1140 1788 1297 1862 adiit,
1316 1787 1421 1848 nifi

226 1896 351 1935 cum
378 1879 617 1938 amicitia
642 1875 945 1949 meruiffet3
972 1878 1201 1951 ignotos
1218 1888 1274 1932 et
1296 1873 1433 1933 aliis.

222 1960 493 2038 infensos,
529 1983 708 2042 eoque
742 1965 1047 2041 principem
1086 1980 1419 2039 nuncupan-

225 2062 334 2122 tes,
362 2049 553 2128 procul
584 2051 825 2109 arcebat.
872 2063 1117 2108 ceterum
1139 2062 1203 2105 ut
1225 2046 1420 2107 hones-

224 2148 342 2193 tam
368 2136 754 2195 innocentium
780 2148 1153 2214 paupertatem
1170 2133 1380 2200 levavit
1395 2157 1433 2208 3·

224 2220 304 2279 ita
326 2220 593 2299 prodigos
616 2235 673 2280 et
698 2223 774 2281 ob
798 2221 1004 2300 flagitia
1019 2238 1241 2298 egentes
1260 2223 1420 2282 Vibi·

227 2304 378 2365 dium
395 2312 707 2367 Varronem
714 2310 973 2381 ,Marium
990 2313 1290 2385 Nepotem,
1304 2311 1422 2386 Ap-

223 2392 384 2471 pium
407 2396 744 2472 Appianum,
769 2394 1088 2452 Cornelium
1107 2391 1328 2462 Sullam,
1347 2398 1431 2463 Q.-

232 2477 526 2540 Vitellium
538 2481 721 2542 movit
747 2477 958 2553 senatu,
983 2495 1078 2538 aut
1101 2475 1298 2556 sponte
1334 2492 1433 2533 ce«
