1742 3000
453 130 880 207 ,ΑκιᾰΑιιυΜ
913 148 1043 189 mn.
1080 148 1158 188 ιι.
1266 143 1395 208 149

213 229 549 291 lexandriam
586 230 860 303 devectus,
891 245 1053 307 atque
1081 228 1192 288 illic
1212 227 1401 306 fugam

216 334 462 391 tentans,
492 339 564 376 an
593 316 720 376 ficio
754 318 1006 391 crimine,
1049 315 1399 376 interficitur.

127 403 316 465 68Per
339 404 480 463 idem
505 419 720 482 tempus
745 410 1047 475 Vonones,
1069 423 1234 482 quern
1252 423 1402 469 arno-

213 506 332 550 tum
371 492 432 548 in
476 492 722 549 Ciliciam
761 492 1087 564 memoravi,
1129 492 1403 568 corruptis

213 575 528 636 custodibus
550 574 787 651 effugere
816 574 884 634 ad
920 578 1238 651 ArmenioS,
1275 575 1408 649 inde

215 665 279 722 in
306 661 555 721 Albanos
589 659 1034 740 Heniochosque,
1079 677 1135 721 et
1173 663 1406 741 confarr-

218 750 488 826 guineum
504 746 596 807 fibi
616 767 794 824 regem
825 749 1146 824 Scytharum
1176 766 1408 809 conatus

220 833 300 894 est
315 858 332 906 ;
354 832 526 913 specie
541 834 797 905 venandi,
808 831 1005 892 omiffis
1023 836 1308 895 maritimis
1321 837 1412 896 lo·

223 924 328 996 cis,
353 924 476 980 avia
493 919 718 979 saltuum
733 922 920 999 petiit:
956 940 1093 981 mox
1117 925 1415 1000 pernicita-

226 1024 281 1067 te
296 1010 421 1086 equi
444 1008 514 1068 ad
536 1027 752 1066 amnem
779 1015 1069 1084 Pyramum
1094 1007 1413 1082 contendit,

227 1096 388 1171 cujus
404 1108 606 1174 pontes
622 1092 841 1153 accolae
858 1108 1120 1170 ruperant
1135 1093 1320 1152 audita
1336 1114 1419 1173 re·

229 1180 488 1258 gissuga3
513 1199 693 1257 neque
715 1178 861 1236 vado
882 1181 1154 1255 penetrari
1180 1194 1419 1258 poterat.

230 1268 398 1344 igitur
414 1270 473 1326 in
493 1267 613 1346 ripa
636 1265 904 1334 fluminis,
929 1267 961 1321 ἒι
987 1265 1159 1323 Vibio
1178 1271 1422 1325 Fronto·

232 1372 307 1412 ne
350 1351 623 1432 praefecto
660 1342 907 1428 equitum
941 1351 1185 1413 vincitur
1211 1374 1229 1424 ς
1284 1372 1424 1413 mox

237 1442 519 1500 Remmius
542 1452 801 1497 evocatus
835 1438 1009 1516 priori
1044 1436 1312 1501 custodiae
1333 1461 1421 1501 re-

237 1528 322 1602 gis
346 1525 644 1604 adpofitue,
659 1523 804 1603 quafi
823 1544 921 1603 per
934 1526 1071 1585 iram
1090 1526 1278 1604 gladio
1295 1548 1423 1587 eum

238 1609 485 1689 tranfigit
504 1633 521 1669 t
553 1611 698 1669 unde
710 1612 893 1686 major
910 1610 1429 1685 fideseconfcientia

238 1696 474 1773 sceleris,
497 1712 555 1756 et
575 1712 724 1757 metu
740 1697 955 1771 indicii,
970 1714 1205 1757 mortem
1224 1704 1429 1757 Vono-

153 1784 314 1863 69ni
336 1784 585 1843 inlatam.
715 1790 796 1841 At
818 1785 1182 1842 Germanicus
1211 1787 1430 1865 Aegyp·

245 1884 310 1930 to
340 1889 610 1942 remeans,
631 1872 826 1929 cuncta
848 1887 990 1946 quae
1011 1867 1156 1947 apud
1185 1868 1432 1945 legiones

246 1970 343 2014 aut
374 1957 536 2015 urbes
567 1952 817 2032 jusserat,
845 1955 1071 2028 abolita,
1093 1956 1182 2014 vel
1206 1958 1266 2014 in
1293 1977 1436 2018 con·

248 2044 472 2100 trarium
497 2039 648 2100 versa
664 2039 983 2117 cognoscit:
1013 2042 1144 2101 hinc
1160 2062 1354 2120 graves
1371 2045 1435 2106 in

249 2126 504 2187 Pisonem
527 2126 913 2198 contumeliae,
950 2148 1050 2186 nec
1078 2131 1261 2204 minus
1284 2151 1438 2192 acer·

250 2215 320 2272 ba
329 2233 473 2293 quae
487 2212 663 2272 abillo
681 2215 738 2270 in
759 2213 1041 2272 Caesarem
1055 2219 1437 2279 tentabantur.

253 2299 382 2357 dein
400 2297 522 2360 Piso
537 2300 683 2357 abire
698 2300 849 2358 Suria
863 2297 1078 2373 statiiit3
1096 2323 1232 2362 mox
1247 2304 1440 2365 adver·

256 2381 311 2442 ih
335 2387 648 2444 Germanici
673 2385 989 2444 valetudine
1015 2386 1271 2446 detentus
1287 2430 1305 2460 ,
1342 2389 1439 2446 ubi

258 2486 561 2532 recreatum
583 2472 811 2552 accepit,
832 2486 1077 2550 votaque
1097 2492 1204 2552 pro
1226 2471 1444 2530 ineolu-
