1742 3000
373 71 506 138 216
568 92 629 136 c.
663 92 1041 135 corruunt
1079 89 1375 133 τΑσιτι

368 175 390 209 ⁴
412 174 692 242 censeant
722 177 782 234 in
800 179 902 234 hac
924 174 1210 249 relatione,
1232 173 1470 235 subtrahi
1487 196 1551 237 o·

370 262 392 295 ⁴
418 263 573 323 culos
596 282 750 321 meos
781 260 978 319 melius
1007 260 1135 335 suit,
1175 280 1249 319 ne
1282 259 1551 322 denotan-

369 348 391 381 ⁴
414 350 560 408 tibus
588 348 744 407 vobis
760 368 859 406 ora
882 366 946 405 ac
968 363 1171 406 metum
1205 345 1552 425 singulorum,
1606 411 1615 420 ,

375 433 397 467 ⁴
421 436 520 512 qui
550 432 791 512 pudendi
827 433 993 491 luxua
1029 449 1410 508 arguerentur,
1447 433 1555 513 ipse

366 518 388 551 ⁴
412 523 575 578 etiam
592 517 833 578 viderem
848 538 971 592 cos,
1001 538 1066 576 ac
1081 519 1234 578 velut
1256 519 1553 598 deprende-

365 604 388 636 ⁴
415 626 553 665 rem.
599 604 749 684 quod
772 605 809 663 fi
834 624 1047 663 mecum
1071 620 1203 664 ante
1227 607 1330 664 viri
1354 604 1551 666 strenui

364 691 387 725 ⁴
413 690 611 751 aediles
628 690 915 750 confilium
930 688 1263 763 habuiffent3
1285 688 1466 751 nescio
1480 712 1548 751 an

368 779 389 810 ⁴
422 775 668 836 suasurus
694 777 886 836 fuerim
911 777 1167 836 omittere
1187 779 1373 856 potius
1401 798 1549 856 prae·

364 863 386 896 ⁴
416 863 599 922 valida
619 880 674 921 et
697 862 884 922 adulta
907 863 1066 935 vitia,
1086 882 1249 940 quam
1267 865 1377 920 hoc
1399 862 1550 922 adse·

366 948 390 981 ⁴
408 951 532 1029 qui,
547 963 608 1007 ut
624 949 801 1027 palam
817 946 972 1007 fieret
994 950 1193 1027 quibus
1210 949 1427 1023 flagitiis
1445 951 1555 1010 im-

365 1033 388 1067 ⁴
415 1055 572 1114 pares
606 1032 864 1107 effemus;
898 1032 986 1094 sed
1020 1032 1100 1093 illi
1124 1033 1338 1113 quidem
1361 1033 1550 1097 officio

365 1120 388 1154 ⁴
413 1121 587 1181 functi
618 1119 766 1196 sunt,
787 1136 850 1179 ut
874 1137 1083 1181 ceteros
1108 1139 1330 1199 quoque
1351 1120 1534 1199 magis
1526 1158 1548 1171 -

366 1210 387 1241 ‘
414 1221 587 1267 tratus
617 1205 708 1266 sua
734 1210 923 1266 munia
940 1205 1165 1284 implere
1189 1208 1389 1266 velim:
1413 1210 1547 1267 mihi

368 1293 392 1326 ⁴
412 1308 594 1352 autem
634 1313 810 1369 neque
836 1291 1119 1352 honestum
1158 1291 1331 1365 filere‚
1367 1313 1548 1372 neque

361 1377 382 1410 ⁴
408 1377 662 1456 proloqui
678 1378 1020 1455 expeditum,
1045 1380 1175 1457 quia
1198 1398 1315 1437 non
1335 1378 1546 1452 aedilis,

358 1461 379 1494 ⁴
404 1478 497 1521 aut
521 1464 812 1541 praetoris,
841 1478 940 1521 aut
961 1460 1202 1522 consulis
1233 1480 1415 1543 partes
1441 1462 1549 1525 sus-

358 1549 379 1580 ⁴
408 1551 559 1607 tineo
580 1569 596 1606 ε
639 1548 816 1625 majus
862 1546 1071 1626 aliquid
1115 1564 1172 1608 et
1218 1549 1481 1610 excelsius
1515 1554 1551 1611 ὲ

361 1634 380 1666 ⁴
407 1635 648 1714 principe
673 1632 1006 1713 postulatur;
1039 1649 1095 1692 et
1118 1655 1243 1695 cum
1279 1642 1421 1696 recle
1436 1635 1551 1697 fac-

360 1721 379 1752 ⁴
409 1736 591 1781 torum
608 1720 699 1779 fibi
722 1720 951 1802 quisque
963 1723 1197 1799 gratiam
1215 1725 1461 1795 trahant,
1482 1743 1549 1780 u-

360 1808 379 1838 ⁴
401 1809 526 1866 nius
540 1806 749 1867 invidia
765 1811 833 1866 ab
846 1810 1106 1867 omnibus
1122 1824 1394 1887 peccatur.
1412 1807 1550 1887 quid

361 1892 380 1924 ⁴
411 1896 560 1952 enim
578 1896 809 1972 primum
827 1896 1136 1974 prohibere,
1153 1909 1207 1952 et
1228 1894 1457 1972 priscum
1476 1892 1552 1953 ad

361 1979 380 2009 ⁴
407 1999 616 2038 morem
652 1979 892 2039 recidere
915 1978 1231 2057 adgrediar?
1266 1980 1552 2047 villarum-

358 2064 377 2094 ⁴
403 2084 475 2120 ne
511 2063 725 2122 infinita
765 2064 955 2143 spatia,
989 2063 1313 2121 familiarum
1344 2082 1550 2121 nume·

354 2147 384 2191 ⁴·
400 2168 461 2205 ru
469 2168 520 2204 m
526 2190 545 2219 ,
561 2162 615 2204 et
632 2148 929 2211 nationes?
955 2150 1164 2222 argenti
1187 2146 1243 2204 et
1260 2148 1377 2204 auri
1397 2167 1551 2227 pon-

354 2232 541 2291 ⁴‘dus?
582 2234 745 2306 aeris,
789 2231 1203 2310 tabularumque
1226 2233 1496 2294 miracula
1522 2238 1548 2297 ἓ

348 2319 367 2350 ⁴
402 2315 733 2397 promiscuas
750 2320 883 2376 viris
899 2333 955 2375 et
970 2315 1190 2376 feminis
1214 2318 1424 2379 vestes?
1454 2337 1548 2381 at-

351 2405 374 2447 ⁴,
402 2424 510 2486 que
524 2403 618 2465 illa
635 2402 964 2466 feminarum
979 2407 1226 2489 propria,
1250 2410 1377 2489 quis
1395 2407 1547 2490 lapi·
