1742 3000
415 145 1000 185 ANNALUJMMB.
1041 147 1087 187 1.
1266 141 1343 187 21

199 239 295 278 eam
317 220 474 294 diem,
503 222 594 283 etfi
620 225 886 303 potissima
903 225 1129 282 arbitrio
1143 223 1354 283 Princi-

194 309 288 383 pis,
309 308 567 387 quaedam
592 325 771 368 tamen
798 308 987 369 studiis
1006 311 1242 368 tribuum
1259 309 1352 368 fie-

195 394 332 466 bant;
359 416 530 472 neque
547 396 781 474 populus
797 396 1178 473 ademtumjus
1197 394 1354 474 quei:-

193 493 272 537 tus
306 480 396 554 est,
433 482 532 540 nifi
567 484 721 540 inani
765 502 1019 559 rumoret
1048 497 1105 540 et
1136 480 1354 541 senatus

188 563 547 643 largitionibus
588 589 652 628 ac
676 571 924 646 precibus
948 567 1175 626 sordidis
1196 566 1355 628 exso-

188 650 342 726 lutus,
362 654 536 714 libens
556 654 1084 730 tenuit,moderante
1102 656 1355 731 Tiberin,

189 759 252 797 ne
290 740 465 818 plures
522 762 690 820 quam
741 756 983 821 quatuor
1028 740 1355 800 candidatos

186 827 599 901 commendaret,
616 825 726 885 fine
740 824 954 906 repulsa
967 842 1025 885 et
1040 828 1246 887 ambitu
1263 827 1359 886 de·

185 908 479 988 fignandos.
547 915 692 972 inter
734 934 873 991 quae
913 914 1155 972 Tribuni
1180 913 1355 991 plebei

185 1001 429 1075 petivere,
468 1015 536 1059 ut
561 1003 789 1080 proprio
822 999 1000 1058 sumtu
1024 999 1248 1057 ederent
1273 999 1357 1057 lu-

183 1082 296 1161 dos,
323 1088 500 1165 quide
521 1089 749 1145 nomine
773 1085 998 1162 Augusti
1015 1084 1163 1143 fastis
1181 1084 1357 1145 additi

183 1171 485 1252 Augustales
523 1187 892 1244 vocarentur-3
921 1170 1007 1229 sed
1032 1169 1248 1228 decreta
1269 1190 1363 1248 pe·

184 1263 335 1318 cunia
349 1281 421 1319 ex
443 1259 679 1332 aerario,
703 1272 873 1335 utque
897 1276 994 1336 per
1016 1259 1239 1315 Circum
1261 1258 1360 1314 tri·

184 1348 416 1426 umphali
454 1342 604 1405 veste
651 1358 937 1402 uterentur
971 1365 991 1415 3
1043 1363 1203 1402 curru
1238 1346 1363 1402 vehi

184 1432 315 1491 haud
336 1430 647 1513 permissum
667 1453 686 1505 3
714 1451 849 1490 mox
864 1432 1159 1489 celebratio
1177 1450 1362 1490 annua

186 1519 245 1578 ad
275 1536 586 1600 praetorem
617 1518 895 1592 transsata,
915 1520 1004 1577 cui
1036 1520 1182 1576 inter
1212 1520 1362 1578 cives

125 1607 236 1668 16et
253 1608 573 1687 peregrinos
591 1602 898 1680 jurisdictio
919 1602 1202 1663 evenisset.
1256 1605 1367 1662 Hic

188 1711 358 1752 rerum
381 1694 715 1751 urbanarum
731 1689 897 1750 status
921 1705 1060 1763 erat,
1084 1710 1210 1748 cum
1228 1694 1369 1747 Pan·

188 1781 414 1839 nonicas
439 1776 683 1854 legiones
711 1776 1152 1836 seditioincessit:
1200 1774 1370 1834 nullis

189 1867 351 1925 novis
380 1864 592 1938 cauma,
630 1861 726 1923 nifi
766 1862 919 1941 quod
950 1876 1193 1920 mutatus
1218 1862 1372 1939 prin·

190 1971 310 2030 ceps
327 1951 609 2010 licentiam
628 1951 990 2022 turbarum,et
1004 1968 1079 2006 ex
1093 1946 1242 2007 civili
1260 1947 1371 2007 bel·

193 2035 249 2094 lo
280 2036 427 2116 spem
460 2037 825 2115 praemiorum
859 2032 1195 2096 ostendebat.
1257 2032 1373 2094 cas-

194 2124 290 2180 tris
307 2121 521 2181 aestivis
537 2138 645 2180 tres
663 2120 813 2180 fimul
831 2121 1079 2197 legiones
1096 2122 1372 2182 habeban-

196 2211 301 2283 tur,
331 2207 660 2288 praefidente
688 2209 861 2284 Junio
895 2206 1117 2266 Blaeso:
1146 2209 1242 2284 qui
1264 2205 1376 2266 fine

200 2293 446 2371 Augusti,
487 2311 542 2355 et
573 2296 750 2353 initiis
778 2295 994 2351 Tiberii
1032 2291 1260 2366 auditis,
1299 2296 1375 2352 ob

200 2377 457 2453 justitium
479 2397 570 2440 aut
591 2377 1238 2459 gaudium,intermiserat
1251 2376 1382 2436 soli·

208 2478 259 2522 ta
291 2468 498 2528 munia.
544 2487 614 2527 eo
637 2466 916 2546 principio
937 2463 1184 2525 lascivire
1200 2457 1385 2534 miles,
