1742 3000
450 143 1113 186 An‘uAmuumnn.
1287 142 1374 206 25

213 219 230 252 ‘
251 218 506 281 bellorum
523 226 757 282 vistoress
766 221 1259 304 expostulaverint3
1275 241 1375 281 cur

210 306 432 367 ‘sonna
447 329 654 368 morem
670 307 939 387 obsequii,
956 324 1155 367 contra
1169 308 1250 367 fas
1265 306 1374 368 dis-

208 392 225 423 ‘
247 392 493 471 ciplinae,
530 396 645 454 vim
687 395 1019 455 meditentur
1054 396 1074 452 ἓ
1115 395 1375 455 decerne·

204 476 223 510 ‘
245 496 363 539 rent
377 481 609 558 legatos„
630 479 788 559 seque
803 500 988 540 coram
1005 480 1258 539 mandata
1282 480 1377 539 da·

70 592 75 601 ·
152 564 167 575 '
205 564 224 597 ‘
250 581 387 625 rent.
430 567 806 642 adclamavere,
828 582 890 625 ut
913 567 1056 625 filius
1080 564 1246 626 Blaeli
1274 568 1376 626 tri·

201 650 221 682 ‘
242 653 413 712 bunus
435 653 713 729 legatione
741 673 806 712 ea
843 652 1183 730 fingeretur,
1224 668 1377 732 pete·

200 736 219 768 ‘
247 754 433 816 retque
459 740 723 798 militibus
747 739 1044 798 mistionem
1060 741 1128 797 ab
1146 739 1377 800 sedecim

197 822 217 853 ‘
238 826 416 885 aunis.
468 841 652 885 cetera
675 823 1057 899 mandaturos,
1092 827 1182 884 ubi
1200 826 1379 906 prima

196 909 217 941 ‘
236 912 656 989 provenilsent!
699 910 950 990 profecto
981 911 1212 987 juvene,
1253 929 1379 970 mo-

195 995 365 1056 dicum
381 1002 562 1058 otium
584 1019 599 1055 =
623 995 713 1055 sed
730 995 1004 1076 superbire
1028 996 1205 1070 miles,
1222 994 1379 1074 quod

193 1079 328 1141 filius
345 1084 507 1161 legati
525 1097 721 1143 orator
737 1082 986 1160 publicae
1003 1080 1229 1155 cauffae,
1251 1079 1378 1140 satis

189 1167 513 1246 ostenderet,
525 1167 834 1228 necestitate
848 1165 1112 1245 exp-elsa,
1128 1187 1201 1244 qu
1208 1186 1269 1224 ae
1285 1187 1384 1246 per

115 1255 501 1316 20modestiam
528 1275 648 1313 non
675 1251 1055 1312 obtinuiss'ent.
1155 1260 1372 1314 Interea

183 1342 447 1422 manipuli
465 1356 598 1400 ante
616 1358 868 1418 coeptam
886 1337 1208 1398 seditionem
1228 1345 1381 1399 Nau-

181 1444 406 1508 portum
433 1427 594 1501 miffi,
623 1429 699 1485 ob
722 1428 942 1501 itinera,
971 1442 1026 1484 et
1058 1441 1283 1508 pontes,
1320 1441 1380 1486 et

180 1515 321 1575 alios
344 1513 474 1574 usus
481 1558 500 1588 ‚
516 1512 802 1593 postquam
820 1515 1095 1571 turbatum
1115 1516 1173 1571 in
1192 1512 1379 1572 castris

184 1620 473 1681 accepere,
503 1598 706 1657 vexilla
730 1599 1096 1658 convellunt:
1127 1597 1380 1678 direptis·

183 1705 290 1764 que
308 1687 589 1764 proximis
613 1685 774 1758 vicis,
811 1683 1041 1762 ipsoque
1064 1692 1383 1763 Nauporto,

185 1771 339 1850 quod
371 1772 665 1848 municipii
703 1768 868 1828 instar
902 1785 1039 1842 erat,
1088 1772 1384 1829 retinentis

185 1859 549 1915 centuriones
568 1858 627 1915 in
644 1854 772 1929 risu,
796 1873 849 1912 et
864 1855 1243 1930 contumeliis,
1260 1853 1386 1935 pos·

187 1955 374 2001 tremo
402 1944 723 2001 verberibus
766 1939 1130 2000 insectantur:
1177 1943 1381 2020 praeci-

187 2047 299 2107 pua
338 2030 402 2086 in
445 2026 794 2085 Aufidienum
825 2028 1151 2105 praefectum
1182 2027 1384 2088 castro*

188 2133 314 2172 rum
339 2114 446 2186 ira,
468 2133 632 2191 quem
658 2113 939 2192 dereptum
962 2112 1239 2190 vehiculo,
1273 2112 1384 2173 sar-

190 2200 337 2257 cinis
355 2214 613 2273 gravant‚
637 2214 919 2276 aguntque
934 2194 1113 2277 primo
1130 2201 1188 2259 in
1207 2203 1386 2276 agmi-

191 2303 285 2357 ne,
325 2302 428 2361 per
451 2283 744 2358 ludibrium
766 2286 1099 2360 rogitantes,
1120 2286 1140 2316 ‘
1167 2306 1238 2344 an
1270 2300 1412 2358 tam,

191 2367 211 2400 ‘
238 2367 504 2428 immensa
536 2390 734 2444 onera,
766 2384 879 2428 tam
903 2370 1070 2447 longa
1103 2371 1303 2429 itinera
1318 2371 1390 2427 li·

194 2450 216 2483 ‘
239 2453 435 2595 bcTnter
448 2454 660 2517 ferret?
675 2454 1075 2537 quippe-Rufus
1093 2455 1189 2514 diu
1210 2455 1394 2514 mani·

355 2556 465 2601 on.
502 2561 551 2601 1.
897 2546 944 2599 B
