1742 3000
310 137 433 203 180
496 157 557 201 c.
591 157 983 202 comitutu
1018 160 1300 203 nex-rt

300 236 323 269 ‘
348 238 586 298 terrimis
611 236 1004 317 appellaretur:
1031 255 1254 314 contra,
1293 239 1354 298 in
1391 256 1497 318 op·

301 323 324 356 ‘
356 324 549 385 timum
578 344 877 404 quemque,
904 328 1140 391 maxime
1162 328 1229 385 ‘in
1262 326 1495 384 comites

302 407 326 443 ‘
351 425 409 469 et
434 412 643 470 amicos
682 415 1024 487 Germanici,
1068 409 1284 472 saevisse
1307 433 1325 470 ε
1370 408 1497 490 pos-

302 494 325 527 ‘
350 506 527 557 tremo
552 495 728 575 ipsum
759 497 1253 568 devotionibuset'
1272 516 1495 557 veneno

302 581 324 613 ‘
352 580 656 662 peremiffe:
692 581 838 643 sacra
857 585 991 645 hinc
1012 599 1066 644 et
1090 582 1497 643 immolationes

306 669 328 701 ⁴
361 666 625 728 nefandas
649 668 811 749 ipfius
829 685 995 750 atque
1011 670 1332 737 Plancinae:
1360 669 1503 747 peti·

308 755 331 788 ⁴
357 770 472 815 tam
507 757 676 815 armis
716 756 1128 837 rempublicam,
1171 770 1343 834 utque
1371 773 1497 814 reus

310 839 336 873 ‘
358 842 446 919 agi
467 840 662 920 posset,
685 845 801 903 acie
821 844 1071 904 victum!
1154 838 1416 903 Defenfio
1434 842 1492 900 in
1516 860 1580 918 ¹4

310 929 508 987 ceteris
536 928 862 1006 trepidavit;
901 949 1029 989 nam
1048 946 1228 1007 neque
1245 928 1502 998 ambitio·

313 1033 439 1073 nem
453 1013 765 1088 militarem,
791 1034 972 1093 neque
990 1015 1333 1096 provinciam
1341 1012 1502 1091 pessi-
1582 1048 1597 1073 ι

314 1119 411 1159 mo
446 1100 646 1179 cuique
674 1102 1007 1175 obnoxiam,
1037 1120 1107 1160 ne
1140 1100 1503 1160 contumelias

317 1185 542 1265 quidem
567 1185 852 1247 adversum
880 1189 1261 1268 imperatorem
1281 1184 1504 1245 infitiari

316 1271 732 1350 poteratzsolum
746 1274 947 1334 veneni
959 1276 1167 1334 crimen
1181 1271 1324 1332 visus
1334 1269 1408 1331 est
1422 1271 1504 1330 di-

319 1356 504 1431 luiffe;
532 1360 684 1439 quod
713 1381 785 1420 ne
804 1358 1147 1420 accusatores
1171 1358 1394 1438 quidem
1427 1356 1509 1417 sa-

319 1445 392 1503 tis
412 1443 727 1522 firmabant,
753 1447 770 1477 ‘
799 1449 858 1506 in
879 1447 1141 1507 convivio
1166 1444 1505 1518 Germanici,

318 1530 338 1562 ‘
371 1553 496 1592 cum
529 1531 685 1612 super
715 1553 839 1592 eum
865 1530 987 1593 Piso
1010 1531 1395 1610 discumbefet,
1420 1534 1509 1590 in·

317 1616 337 1648 ⁶
361 1616 534 1677 scitos
556 1620 809 1678 manibus
832 1620 954 1697 ejus
970 1621 1145 1680 cibos’
1170 1634 1463 1694 arguentes
1484 1638 1507 1688 ς

320 1706 523 1785 quippe
545 1703 830 1772 absurdum
849 1701 1162 1778 videbatur,
1177 1706 1322 1763 inter
1338 1704 1513 1762 aliena
1533 1743 1541 1750 -

318 1791 561 1867 servitia,
575 1808 632 1851 et
648 1805 734 1853 tot
750 1790 1073 1852 adstantium
1089 1789 1205 1852 visu
1216 1788 1354 1870 ,ipso
1372 1795 1516 1849 Ger-

318 1882 543 1940 manico
572 1899 758 1940 coram
796 1878 853 1938 id
881 1876 1102 1951 ausum3
1136 1876 1515 1955 offerebatque

317 1965 579 2025 familiam
594 1986 742 2039 reus,
774 1980 830 2024 et
846 1962 1123 2024 ministros
1152 1964 1210 2021 in
1231 1976 1514 2026 tormenta

318 2052 620 2127 flagitabat.
651 2051 734 2110 sed
749 2050 963 2129 judices
982 2070 1077 2129 per
1092 2046 1305 2110 dives-sa
1320 2047 1516 2127 impla·

321 2136 522 2195 cabiles
537 2152 726 2196 erant:
760 2136 952 2196 Caesar
973 2138 1047 2216 ob
1061 2136 1262 2196 beilum
1279 2127 1513 2214 provin·

321 2224 437 2281 ciae
465 2223 731 2292 inlatum3
773 2229 1029 2297 Senatus,
1054 2240 1344 2299 nunquam
1382 2219 1515 2279 satis

326 2307 555 2377 credito,
582 2305 691 2364 fine
707 2306 894 2366 fraude
918 2311 1311 2368 Germanicum
1325 2309 1517 2367 interi·

322 2391 437 2462 isse3
472 2395 505 2431 ²*
540 2389 857 2470 scripfiss'ent
887 2391 1331 2470 expostulantes:
1362 2392 1517 2471 quod

321 2478 466 2537 haud
496 2479 682 2539 minus
709 2479 967 2539 Tiberius
993 2496 1161 2559 quam
1196 2477 1321 2541 Piso
1338 2482 1515 2540 abnu-

1718 750 1730 949 ἱ
