1742 3000
382 143 808 186 Annnmuu
842 144 1107 189 mnan.
1225 143 1356 207 215

166 238 279 283 tur.
326 221 640 282 inturbidus
662 225 910 281 externis
953 226 1113 282 rebus
1151 245 1357 300 annuS,

164 308 322 369 domi
356 306 593 388 suspefla
627 306 912 370 severitate
950 309 1232 370 adversum
1273 311 1383 369 lu·-

164 415 305 460 xum
335 415 355 465 ;
409 394 504 473 qui
549 393 869 455 immensum
915 413 1239 477 proruperat
1287 396 1383 456 ad-

163 485 383 553 cunsta,
398 483 523 560 quis
536 482 774 560 pecunia
789 483 1116 561 prodigitur.
1148 483 1233 542 sed
1252 483 1376 542 aua.-

165 566 479 646 sumptuum
497 570 749 645 quamvis
763 570 1041 645 graviora,
1065 569 1358 629 dissimula-

166 656 243 718 tis
290 653 608 731 plerumque
651 657 843 733 pretiis
888 654 1306 715 occultabantur
1333 677 1379 726 ς-

167 741 386 801 ventris
409 752 466 796 et
502 759 703 815 ganeae
740 755 962 817 paratus
985 739 1217 800 adfiduia
1252 740 1383 800 ser·-

169 826 438 887 monibus
476 824 715 901 vulgati,
752 823 994 885 fecerant
1031 846 1247 900 curam,
1286 847 1360 885 ne

172 913 432 993 princeps
465 914 726 989 antiquae
759 914 1128 991 parcimoniae
1169 912 1383 972 durius

175 998 499 1060 adverteret.
549 1019 678 1058 nam
709 1000 1007 1076 incipiente
1040 1007 1107 1059 C.
1141 1000 1361 1074 Bibulo,

177 1086 343 1146 ceteri
359 1103 584 1161 quoque
600 1084 798 1147 aediles
806 1084 959 1144 differ
967 1088 1201 1152 nerant‚‘
1218 1084 1362 1162 sper·

181 1171 216 1218 ‘-
231 1170 290 1227 ni
316 1166 699 1245 sumptuariam
712 1168 883 1243 legem
890 1171 1189 1245 ,vetitaque
1206 1184 1365 1226 uten-

180 1255 202 1288 ‘
226 1252 399 1314 filium
426 1254 596 1332 pretia
620 1255 804 1328 augeri
836 1256 893 1312 in
919 1254 1035 1312 dies
1060 1275 1075 1309 ε
1125 1275 1228 1311 nec
1250 1274 1385 1314 mcv

180 1340 202 1372 ‘
224 1341 506 1400 diocribus
531 1338 783 1399 remediis
801 1337 902 1399 fisti
927 1338 1098 1419 poffe3
1115 1342 1129 1366 '
1153 1356 1206 1398 et
1230 1360 1367 1400 con-

181 1425 309 1487 sulti
347 1438 550 1506 patrea,
595 1428 868 1504 integrum
893 1427 946 1486 id
978 1429 1262 1503 negotium
1296 1426 1366 1487 ad

180 1515 481 1593 principem
502 1512 839 1573 distulerant.
872 1512 959 1575 sed
975 1516 1234 1574 Tiberius
1254 1513 1383 1575 sae·-

182 1620 251 1680 με
287 1599 430 1679 apud
462 1597 522 1659 se·
545 1599 835 1680 penfitato,
876 1621 947 1659 an
978 1603 1218 1661 coerceri
1252 1618 1366 1660 tam

183 1684 432 1766 profusae
461 1687 750 1765 cupidines»,¹
774 1684 1008 1765 possent,
1049 1708 1183 1745 num
1209 1689 1367 1744 coe'r-

185 1774 322 1831 citio
338 1771 460 1848 plus
478 1771 663 1831 damni
681 1775 738 1829 in
770 1770 1365 1849 rempublicam-femen

185 1877 353 1937 quam
380 1856 702 1915 indecorum
732 1855 1034 1915 adtrectare
1065 1855 1218 1932 quod
1250 1877 1366 1914 non

181 1945 495 2012 obtineret;
524 1940 612 2000 vel
649 1956 918 2001 retentum
936 1942 1291 2018 ignominiam
1316 1956 1373 2001 et

183 2027 467 2088 infamiam
484 2029 731 2087 virorum
757 2024 1061 2086 inlustrium
1089 2025 1369 2105 posceret:

183 2114 461 2195 postremo
472 2112 535 2172 lit
542 2128 684 2173 teras
700 2111 767 2173 ad
784 2110 1030 2175 senatum
1045 2113 1374 2194 composuit,

187 2221 418 2279 quarum
443 2197 711 2259 sententia
741 2201 800 2259 in
831 2202 981 2260 hunc
1002 2200 1222 2260 modum
1247 2202 1371 2262 fuit.

104 2299 182 2360 53
200 2287 220 2318 ‘
253 2289 457 2347 Ceteris
481 2285 706 2347 forfitan
729 2288 792 2346 in
813 2289 1000 2362 rebus,
1032 2303 1213 2366 patres
1235 2309 1377 2346 con·

163 2396 171 2403 ·
194 2371 214 2403 ‘
239 2371 446 2452 scripti,
473 2376 650 2451 magis
673 2373 930 2452 expediat
953 2394 1040 2432 me
1069 2394 1253 2433 coram
1287 2375 1375 2429 in-

192 2456 522 2539 ‘-terr.ogari,
567 2475 626 2522 et
656 2458 837 2523 dicere
868 2458 1008 2541 quid
1039 2462 1072 2517 ὲ
1103 2457 1386 2537 republica
