1742 3000
299 133 335 188 8
481 149 1287 195 e.eonnt1.11·rAc1·r1

292 251 419 292 mor
433 231 733 308 incesserat,
750 255 958 314 paucos
974 250 1100 293 ante
1116 235 1346 308 menses,
1365 241 1480 294 Au-

292 317 503 395 gustum
540 321 720 379 eit-ftis
752 320 1012 395 consciis,
1054 337 1110 380 et
1146 325 1345 381 comite
1370 343 1483 381 uno

291 407 461 463 Fabio
476 408 730 465 Maximo
746 405 1037 466 Planafiam
1057 411 1297 482 vedium,
1314 408 1383 466 ad
1397 409 1484 466 vi-

292 490 517 551 sendum
543 495 864 572 Agrippam,
907 493 1105 552 multas
1137 494 1251 554 illic
1288 495 1484 552 utrim-

291 597 402 656 que
417 577 704 655 lacrymas,
722 594 775 637 et
790 578 933 657 figna
949 581 1212 653 caritatis,
1234 578 1486 658 spemque

291 683 365 723 ex
379 683 469 737 eu,
492 663 610 723 fore
632 667 931 742 utjuvenis
954 667 1239 746 penatibus
1257 668 1342 726 avi
1363 664 1484 722 red·

290 747 527 809 deretur.
572 751 723 828 quod
742 754 1049 811 Maximum
1066 753 1228 810 uxori
1247 752 1489 810 Marciae

290 835 580 914 aperuisset
603 836 751 896 illam
772 838 981 898 Liviae.
1030 857 1257 913 gnarum
1274 836 1330 895 id
1348 842 1486 895 Cae-

289 922 423 983 sari:
454 943 635 1001 neque
657 923 834 982 multo
856 922 1001 1001 post,
1021 926 1270 982 extincto
1296 924 1486 982 Maxi-

260 1006 665 1080 .m0‚(dubium
683 1029 755 1067 an
775 1008 1012 1087 quaefita
1036 1013 1242 1083 morte)
1264 1008 1484 1067 auditos

288 1096 350 1154 in
371 1094 559 1155 funere
574 1095 694 1173 ejus
710 1098 947 1154 Marciae
959 1098 1193 1173 gemitus
1211 1093 1374 1155 semet
1390 1097 1484 1154 in-

289 1180 547 1258 cusantis.‚
585 1185 604 1213 ‘
631 1180 783 1260 quod
806 1180 961 1240 causa
987 1184 1144 1242 exitii
1167 1184 1366 1240 marito
1393 1181 1487 1239 fu·

287 1267 309 1301 ‘
335 1266 496 1328 isset)
538 1284 818 1346 utcunque
846 1266 897 1326 se
917 1288 981 1328 ea
1008 1288 1094 1327 res
1117 1270 1327 1340 habuit,
1350 1268 1483 1326 vix·

288 1352 421 1414 dum
442 1352 705 1432 ingressus
731 1353 1014 1431 Illyricum
1036 1355 1318 1426 Tiberius,
1348 1373 1485 1431 pro·

288 1442 433 1520 peris
456 1441 647 1501 matris
675 1439 872 1500 litteris
885 1441 1123 1513 accitur3
1158 1459 1338 1518 neque
1354 1437 1487 1498 satis

287 1542 630 1607 compertum
653 1525 748 1600 est,
772 1526 1058 1605 spirantem
1079 1527 1256 1587 adhuc
1275 1524 1487 1603 Augus·

287 1627 408 1673 tum
433 1614 576 1694 apud
599 1614 784 1672 urbem
811 1614 1038 1688 Nolam,
1068 1633 1138 1672 an
1168 1614 1488 1674 exanimem

287 1702 549 1779 repererit
567 1721 586 1773 ς
621 1701 833 1759 acribus
853 1718 1091 1779 namque
1108 1697 1363 1758 custodiis
1380 1698 1491 1756 do-

287 1805 463 1860 mum,
491 1802 546 1845 et
584 1788 702 1845 vias
730 1784 960 1863 sepserat
999 1789 1199 1849 Livia:
1247 1784 1492 1863 laetique

287 1872 565 1933 interdurn
620 1874 806 1932 nuntii
851 1872 1218 1948 vulgabantur
1238 1914 1257 1943 ,
1304 1871 1492 1932 donec

285 1958 514 2039 provifis
531 1979 668 2038 quae
685 1975 897 2037 tempus
916 1961 1196 2029 monebat,
1219 1956 1371 2014 simul
1389 1977 1495 2016 ex·

285 2043 478 2104 cessiffe
499 2043 821 2122 Augustum,
841 2060 895 2101 et
915 2065 1090 2103 rerum
1114 2045 1281 2120 potiri
1302 2048 1494 2101 Nero-

287 2152 415 2191 nem
430 2128 573 2190 fama
590 2129 773 2189 eadem
793 2130 937 2188 tulit.
1013 2132 1250 2188 Primum
1271 2128 1544 2191 facinus6

286 2218 420 2277 novi
441 2217 772 2295 principatus
791 2215 916 2288 fuit,
942 2214 1175 2275 Postumi
1205 2216 1491 2294 Agrippae

286 2303 476 2366 caedes
496 2325 512 2361 ε
559 2323 722 2379 quem
764 2303 1009 2377 ignarum
1056 2305 1434 2378 inermumque
1463 2345 1487 2376 ,

287 2391 538 2468 quamvis
562 2388 801 2448 firmatus
819 2390 1007 2447 animo
1025 2389 1296 2460 centuri0‚
1322 2408 1485 2462 aegre

286 2476 546 2536 confecit.
589 2473 726 2534 nihil
765 2474 833 2533 de
854 2494 916 2534 ea
932 2496 1008 2535 re‘
1025 2476 1289 2533 Tiberius
1331 2474 1485 2553 apud
