1742 3000
334 122 468 205 296
526 141 588 184 c.
625 140 768 184 con
793 141 1017 181 ntur
1043 135 1347 183 ‘sacru

326 225 349 257 ‘
378 241 526 298 rum,
553 224 652 298 ait,
677 223 713 281 fi
730 223 863 302 quid
892 220 1129 281 severius
1145 224 1204 280 in
1221 241 1345 281 eum
1364 219 1547 285 statu·

310 308 352 345 ·‘
380 306 519 383 iffet,
537 330 566 366 a
583 328 693 387 qua
709 308 961 368 veneficii
979 305 1430 368 infimularetur!
1447 312 1548 370 in·

331 395 403 456 de
426 415 635 470 rumor,
672 396 690 427 ‘
717 397 899 475 parari
936 396 1205 468 exitium;
1252 415 1444 476 neque
1485 396 1546 457 id

330 483 765 561 ‘imperatorem
788 481 970 561 palam
1004 481 1226 557 audere,
1267 481 1544 545 secretum

328 568 352 604 ‘
378 568 447 628 ad
473 567 904 649 perpetrandum
928 570 1165 647 quaeri)
1262 568 1370 628 Sed
1395 575 1627 654 Cae-55

327 653 411 716 sar
427 675 543 734 quo
559 653 757 714 famam
776 668 1070 729 averteret,
1081 652 1255 714 adess'e
1270 654 1544 735 frequens

330 742 580 818 senatui,
633 740 952 822 legatosque
996 738 1150 800 Aliae
1192 743 1544 821 ambigentes

334 830 358 866 ‘
385 849 628 909 quanam
652 830 711 887 in
733 831 961 889 civitate
985 828 1249 907 templum
1273 826 1543 890 statuere·

328 915 356 951 ‘
385 919 518 990 tur,'
542 915 712 995 pluris
738 935 836 995 per
857 913 976 974 dies
993 912 1229 975 audivit.
1274 916 1546 978 undecim

327 1003 495 1062 urbes
518 1003 808 1062 certabant
822 1002 942 1082 pari
965 1002 1290 1076 ambitione,
1318 1004 1547 1065 viribus

331 1088 611 1164 diversae3
643 1104 820 1168 neque
841 1087 1079 1148 multum
1095 1089 1243 1147 inter
1259 1088 1311 1149 se
1328 1088 1547 1152 distan-

333 1179 417 1238 tia
439 1178 851 1250 memorabant,
877 1176 896 1208 ‘
920 1176 990 1235 de
1005 1173 1270 1240 vetustate
1285 1180 1547 1254 generis,

327 1260 349 1296 ‘
387 1262 566 1323 studio
591 1266 650 1322 in
676 1261 946 1344 populum
964 1268 1274 1322 Romanum
1294 1283 1395 1343 per
1415 1266 1547 1325 bel-

334 1348 433 1409 ‘la
457 1348 599 1410 Perfi
625 1365 684 1409 et
726 1347 1028 1410 Aristonici
1064 1348 1417 1430 aliorumque
1453 1372 1548 1411 re·

332 1435 355 1470 ‘
372 1439 548 1514 gum.’
582 1454 773 1495 verum
794 1438 1123 1517 Hypaepeni
1143 1435 1549 1519 Trallianique

332 1522 666 1584 Laodicenis
683 1538 738 1580 et
750 1526 1110 1601 Magnetibus
1121 1522 1274 1583 fimul
1295 1529 1551 1603 tramissi,

331 1624 398 1671 ut
428 1629 623 1691 patum
646 1609 834 1670 validi.
901 1630 973 1669 ne
1005 1609 1225 1670 Ilienses
1283 1612 1545 1691 quidem,

318 1718 463 1758 tum
487 1697 507 1729 ‘
532 1714 815 1778 parentem
846 1699 1001 1756 urbis
1026 1703 1237 1757 Romae
1267 1700 1542 1776 Trojam’

332 1783 624 1861 referrent,
649 1783 748 1843 nifi
782 1786 1132 1863 antiquitatis
1156 1784 1334 1861 gloria
1358 1786 1539 1864 polle-

330 1873 468 1932 hant
486 1895 503 1946 3
529 1872 750 1951 paulum
780 1870 1178 1945 addubitatum,
1196 1872 1354 1950 quod
1375 1873 1537 1931 Hali·

320 1960 584 2018 ·mrnaffii
610 1960 629 1992 ‘
665 1957 813 2018 mille
837 1973 900 2015 et·
915 1957 1188 2016 ducentos
1221 1978 1319 2036 per
1349 1979 1540 2018 annos

326 2041 350 2076 ‘
377 2044 535 2103 nullo
555 2060 710 2104 motu
731 2060 905 2102 terrae
922 2042 1198 2102 nutavisse
1221 2042 1371 2119 sedes
1386 2043 1537 2117 suaa,

327 2127 351 2163 ‘
377 2130 625 2207 vivoque
668 2131 728 2187 in
764 2128 900 2189 saxo
937 2128 1299 2190 fundamenta
1342 2130 1542 2211 templi

327 2213 352 2249 ‘
374 2213 872 2274 adseveraverant.’
918 2223 1288 2293 Pergamenos
1312 2216 1414 2287 (eo
1451 2222 1545 2299 ip-

323 2299 392 2361 so
421 2302 768 2375 nitebantur)
802 2300 935 2359 aede
951 2300 1193 2380 Augusto
1213 2305 1287 2362 ibi
1306 2302 1432 2376 fita,
1460 2305 1547 2364 sa·

316 2389 408 2445 -tis
438 2386 667 2466 adeptos
690 2386 976 2445 creditum.
1045 2387 1280 2467 Ephefii,
1305 2390 1551 2451 Milesii-

329 2488 465 2550 que,
494 2475 551 2532 hi
577 2471 881 2553 Apollinis,
905 2471 984 2532 illi
1018 2475 1234 2533 Dianae
1258 2476 1551 2540 caerimo-
