1742 3000
385 164 812 208 AunALrtrm
857 164 1124 205 mmm.
1231 157 1357 209 221

179 251 319 310 austa
338 264 479 309 rettu
487 249 577 308 lit:
598 247 618 280 ‘
639 246 744 308 effe
758 246 841 307 illi
864 247 1162 324 conjugem
1179 260 1236 306 et
1253 261 1364 307 tres

178 336 206 390 ’-
221 336 414 395 liberos
419 354 665 415 ‚eaenque
675 348 906 394 aetatem
921 353 1030 412 qua
1043 331 1158 413 ipse
1168 349 1365 412 ’quon-

177 422 340 482 ‘-dam
362 426 394 481 a
433 422 568 482 divo
594 419 841 498 Augusto
872 419 943 480 ad
982 417 1363 499 capessendum

178 509 324 569 §hoc
345 528 547 568 munus
583 522 816 567 vocatus
846 505 935 565 fit.
994 525 1175 584 neque
1211 527 1366 566 nunc

177 596 213 650 ‘1
230 615 481 673 propere,
500 591 589 652 sed
613 612 711 672 per
730 597 860 652 octo
877 612 1058 651 annos
1081 607 1247 672 capto
1262 614 1365 653 ex·

182 681 526 760 ‘-perimento
542 721 561 752 ,
620 678 931 757 compressis
972 675 1364 754 seditionibus,

175 767 204 805 ‘·
227 763 542 845 composstis
564 762 746 834 bellis,
777 761 1162 843 triumphalem
1201 779 1256 823 et
1278 766 1366 824 bis

181 852 206 908 θ.
226 850 527 925 consulem,
551 852 677 909 noti
705 851 915 909 laboris
933 850 1254 929 participem
1275 848 1362 911 su·

90 959 124 1017 5
138 957 168 1012 7
185 939 210 982 ⁴
238 945 332 1000 mi.
345 941 361 966 '
412 945 809 1017 Praeceperant
827 938 1031 996 animis
1048 938 1365 999 orationem

173 1041 389 1106 patres:
443 1029 561 1102 q'uo
593 1021 889 1101 quaefitior
927 1020 1170 1081 adulatio
1209 1022 1362 1096 fuit3

174 1132 276 1171 nec
320 1125 507 1167 tamen
545 1122 845 1186 repertum,
876 1106 975 1165 nifi
1015 1108 1035 1137 ‘
1067 1123 1130 1164 ut
1163 1106 1370 1183 effigies

175 1197 196 1230 ‘
225 1196 558 1274 principum,
583 1212 705 1250 aras
719 1193 926 1265 Deum,
959 1191 1162 1270 templa
1196 1206 1252 1249 et
1283 1214 1373 1252 ar-

176 1282 198 1315 ‘
218 1282 356 1355 cus,’
367 1278 583 1357 aliaque
599 1276 761 1336 solita
777 1275 1082 1349 censerent3
1103 1274 1202 1336 nifi
1218 1278 1372 1357 quod

177 1373 264 1429 M.
297 1365 513 1425 Silanus
554 1384 628 1423 ex
650 1364 1005 1423 contumelia·
1029 1361 1372 1442 consulatuS,

174 1456 448 1515 honorem
472 1451 810 1533 principibus
842 1452 1071 1532 petivit:
1113 1450 1372 1534 dixitque

174 1561 279 1622 pro
314 1539 608 1614 sententia,
640 1541 657 1571 ‘
699 1554 764 1598 ut
803 1538 1038 1618 publicis
1072 1540 1377 1618 privatisve

175 1628 196 1659 ‘
223 1625 679 1701 monimentisffid
695 1628 1020 1686 memoriam
1036 1641 1373 1706 temporum,

172 1716 196 1750 ⁴
219 1734 342 1775 non
366 1711 653 1772 consulum
682 1714 912 1771 nomina
945 1709 1375 1789 praescriberen-

73 1820 78 1824 ·
172 1801 195 1835 ‘
221 1814 352 1869 τιτι-ς
399 1796 489 1855 sed
516 1817 707 1855 eorum
744 1798 841 1874 qui
880 1797 1232 1857 tribuniciam
1268 1818 1374 1878 po-

173 1887 196 1929 (
224 1882 475 1944 testatem
491 1896 760 1958 gererent.
791 1896 850 1938 'at
869 1889 943 1955 Q,
963 1884 1377 1958 Haterius,cum

175 1972 203 2025 ἔ
215 1969 350 2045 ‘ejus
375 1967 484 2027 diei
501 1963 968 2025 senatusconsulta
982 1970 1161 2026 aureis
1176 1968 1376 2030 litteris

172 2057 195 2091 ‘
221 2054 446 2133 figenda
470 2055 530 2112 in
554 2054 725 2113 euria’
749 2049 1055 2126 censuisset,
1078 2053 1376 2118 deridiculo

173 2143 312 2215 fuit,
338 2141 505 2201 senex
543 2137 872 2198 foediffimae
897 2137 1231 2202 adulationis
1248 2159 1375 2204 tan-

81 2222 166 2299 58
183 2244 313 2288 tum
334 2227 590 2287 infamiae
608 2224 823 2284 usurus.
913 2233 1068 2285 Inter
1085 2247 1226 2306 quae
1243 2251 1377 2308 pro·
1408 2300 1413 2303 ,

169 2316 370 2374 vincia
403 2312 590 2373 Africa
625 2313 796 2388 Junio
830 2310 1019 2370 Blaeso
1055 2332 1379 2392 prorogata,

169 2401 405 2459 Servius
441 2396 835 2474 Maluginensis
869 2398 1066 2457 flamen
1092 2399 1290 2471 Dialis,
1316 2415 1378 2458 ut

171 2480 375 2546 Afiam
407 2481 551 2544 sorte
576 2485 799 2542 haberet
836 2481 1156 2561 postulavit,
1185 2484 1205 2518 ‘
1243 2481 1380 2546 stus-
