1742 3000
302 169 421 234 132
483 170 544 213 c.
581 170 970 212 conatur
1008 169 1300 212 τΑειτι

289 250 416 309 dere
436 249 609 328 passus
632 249 725 308 est.
754 249 946 309 Iisdem
966 253 1304 329 temporibus
1323 249 1575 329 defim49

290 335 450 395 aedes
470 336 729 394 vetustate
746 352 838 395 aut
857 340 870 393 i
878 340 972 412 gni
986 337 1216 394 abolitas
1224 335 1488 416 ,coeptas-

290 439 401 499 que
424 424 491 480 ab
523 421 783 499 Auguste,
821 422 1119 494 dedicavit,
1160 425 1365 480 Libero
1388 424 1488 479 Li·

289 507 557 585 heraeque
579 523 634 565 et
662 509 1026 583 Cererijuxta
1062 510 1286 566 Circum
1309 509 1488 566 maxi-

291 612 466 664 mum,
494 613 660 671 quam
687 602 754 652 A.
786 591 1088 652 Postumius
1114 593 1348 653 difflator
1381 612 1488 651 vo-

291 694 486 750 verat;
514 679 891 757 eodemquein
912 680 1040 737 loco
1059 679 1240 737 aedem
1267 680 1485 752 Florae,

293 765 364 823 ab
390 767 567 823 Lucio
605 781 658 824 et
694 772 887 824 Marco
910 765 1180 824 Publiciis
1221 766 1487 824 aedilibus

292 848 644 909 constitutam
662 873 677 908 ε
710 866 764 909 et
780 857 929 926 Jano
944 850 1230 926 templum,
1254 851 1406 927 quod
1423 870 1483 907 a·

290 933 407 1014 pud
432 935 610 995 forum
635 936 919 995 olitorium
940 940 1006 994 C.
1026 935 1268 995 Duillius
1286 936 1489 995 struxe-

290 1035 399 1090 rat3
420 1024 513 1099 qui
532 1023 738 1100 primus
757 1042 870 1080 rem
898 1027 1209 1080 Romanam
1234 1020 1494 1101 prospere

293 1110 434 1165 mari
476 1107 645 1185 gestit,
672 1110 1120 1186 triumphumque
1144 1108 1389 1166 navalem
1421 1108 1493 1167 de

293 1195 496 1252 Poenis
514 1197 732 1254 meruit.
777 1196 904 1274 Spei
928 1193 1084 1252 aedes
1102 1197 1133 1251 ὲ
1152 1196 1490 1254 Germanico

295 1276 568 1340 sacratur:
615 1283 759 1340 hanc
784 1280 986 1339 Atilius
1021 1296 1254 1339 voverat
1289 1279 1486 1339 eodem

295 1366 465 1424 bello.
567 1364 925 1425 Adolescebat
948 1368 1156 1424 interea
1178 1366 1269 1423 lex
1294 1364 1482 1442 majes-
1497 1383 1584 1440 50

297 1453 429 1509 tatis
447 1473 464 1522 3
482 1465 536 1509 et
555 1452 843 1530 Apulejam
862 1452 1132 1511 Van-iliam
1154 1450 1353 1511 sororis
1369 1459 1486 1511 Au·

292 1536 430 1613 gusti
449 1552 667 1615 neptem
677 1540 825 1616 ‚quia
838 1537 1116 1617 probrofis
1140 1531 1487 1598 {etmonibus

293 1623 485 1681 divum
519 1623 838 1699 Augustum,
861 1645 928 1682 ac
946 1625 1256 1696 Tiberium,
1294 1639 1350 1681 et
1367 1644 1488 1682 ma-

292 1723 431 1769 trem
450 1710 567 1787 ejus
592 1708 862 1783 inlusisset,
891 1708 1211 1792 Caesarique
1233 1730 1486 1774 connexa

292 1795 568 1856 adulterio
606 1812 903 1871 teneretur,
941 1794 1229 1873 majestatis
1268 1795 1486 1854 delator

292 1882 601 1943 arceffebat.
679 1884 699 1915 ⁴
731 1883 800 1941 de
838 1882 1106 1940 adulterio
1145 1882 1270 1941 satis
1300 1884 1486 1941 caveri

291 1969 312 2001 ‘
335 1969 451 2047 lege
462 1969 608 2045 Julia
626 1968 820 2028 visum:
841 1968 1129 2044 majestatis
1149 1971 1354 2027 crimen
1374 1967 1485 2027 dis·

289 2052 311 2086 ‘
337 2058 534 2130 tingui’
576 2043 769 2115 Caesar
794 2054 1121 2133 postulavit3
1158 2055 1176 2084 ‘
1203 2055 1480 2113 damnari-

290 2139 312 2171 ‘
336 2160 442 2217 que
466 2138 502 2196 fi
520 2160 628 2217 qua
644 2139 710 2197 de
726 2138 968 2217 Augusto
986 2139 1291 2215 inreligiose
1306 2139 1479 2198 dixis·

290 2224 310 2255 ‘
344 2225 421 2284 set
445 2247 460 2282 t
487 2226 543 2282 in
574 2223 623 2282 se
644 2226 790 2301 jadra
824 2226 974 2284 nolle
1005 2225 1071 2283 ad
1096 2229 1483 2302 cognitionem

293 2310 311 2340 ‘
332 2314 572 2370 ,vocat-i)
620 2313 988 2388 interrogatus
1013 2314 1042 2368 ὲ
1061 2312 1285 2382 consule
1304 2312 1325 2344 ‘
1348 2312 1487 2388 quid

290 2395 310 2426 ‘
337 2396 405 2456 de
433 2399 520 2454 his
543 2394 802 2470 censeret,
834 2417 972 2476 quae
989 2396 1055 2455 de
1070 2414 1242 2456 matre
1259 2398 1378 2474 ejus
1397 2398 1487 2456 lo-

288 2482 469 2544 ‘-cuta
495 2481 643 2544 secus
661 2485 1023 2561 argueretur,'
1060 2485 1311 2543 reticuitz
1348 2484 1485 2562 dein
