1742 3000
473 145 892 185 Amitinum
938 143 1067 183 mn.
1105 145 1151 184 1.
1316 122 1406 202 65.

211 226 219 253 ·’
247 224 517 286 tribunali
534 226 901 283 concionatus
919 226 1228 295 Arminius;
1256 238 1400 304 quot

215 311 502 392 ‘patibula
536 312 791 390 captivis,
837 330 976 388 quae
1013 308 1268 382 scrobes;
1309 326 1398 369 ut-

206 401 225 431 ‘
256 419 371 477 que
394 397 559 475 fignis
575 413 630 455 et
645 397 843 475 aquilis
869 416 965 475 per
982 395 1280 474 superbiam
1307 399 1394 455 in·

123 488 222 550 62‘
255 482 489 543 luserit.'
576 487 748 559 Igitur
779 489 1062 549 Romanus
1087 487 1181 561 qui
1215 483 1401 542 aderat

202 571 505 642 exercitus,
542 568 752 649 sextum
792 567 911 648 post
951 569 1121 627 cladis
1159 589 1394 641 annum,

202 660 376 714 trium
403 656 679 732 legionum
696 651 829 727 offa,
847 655 1002 713 nullo
1020 654 1279 714 noscente
1292 655 1394 715 ali-

202 762 341 800 enas
367 742 623 819 reliquias
640 761 711 798 an
734 739 951 799 suorum
971 743 1141 799 humo
1164 754 1396 817 tegeret,

202 847 403 887 omncs
425 843 487 884 ut
510 828 866 903 conjuncios,
900 842 961 885 ut
995 825 1393 903 consanguine·

202 933 299 987 os„
316 918 472 971 aucta
496 914 555 971 in
589 911 794 971 hostem
821 915 921 986 ira,
951 911 1139 972 moesti
1162 911 1317 972 fimul
1341 928 1396 972 et

198 997 397 1058 infenfi
420 999 757 1059 condebant.
804 1001 1038 1078 primum
1063 998 1394 1059 exstruendo

198 1084 421 1144 tumulo
436 1083 692 1163 cespitem
719 1083 918 1142 Caesar
942 1084 1145 1163 posuit,
1169 1085 1392 1162 gratilli-

194 1191 296 1230 mo
328 1191 555 1230 munere
578 1172 635 1228 in
671 1171 986 1237 defunfios,
1013 1185 1069 1227 et
1101 1168 1394 1247 praesenti-

194 1259 301 1316 bus
324 1256 538 1315 doloris
565 1255 766 1315 socius·
815 1255 965 1332 quod
991 1256 1226 1313 Tiberio
1250 1255 1393 1315 haud

190 1344 512 1422 probatum,
539 1341 624 1400 seu
657 1345 853 1400 cundia
883 1343 1197 1402 Germanici
1224 1342 1282 1400 in
1299 1341 1391 1401 de·

189 1431 366 1486 terius
397 1429 670 1498 trahenti3
700 1426 807 1487 five
827 1429 1129 1488 exercitum
1148 1430 1390 1507 imagine

189 1513 474 1574 caesorum
499 1512 1005 1593 insepultorumque
1030 1514 1298 1576 tardatum
1316 1514 1389 1575 ad

188 1601 428 1680 proelia,
443 1616 499 1659 et
514 1599 1004 1662 formidolofiorem
1021 1600 1252 1660 hostium
1268 1622 1386 1661 cre·

187 1688 381 1746 debat:
418 1687 437 1717 ‘
471 1690 1069 1767 nequeimperatorem
1117 1702 1408 1763 auguratu,

187 1772 209 1801 ‘
233 1788 291 1831 et
314 1771 673 1832 vetustislimis
691 1774 1039 1833 caerimoniis
1058 1772 1388 1851 praeditum,

96 1858 207 1937 63‘
234 1864 527 1917 attrectare
554 1857 741 1917 feralia
758 1856 1035 1916 debuisse.²
1122 1856 1224 1915 Sed
1243 1863 1385 1916 Ger·

186 1946 438 2003 manicus
456 1944 737 2004 cedentem
755 1946 814 2006 in
832 1944 954 2002 avia
974 1942 1286 2002 Arminium
1306 1941 1384 2003 se·

188 2046 371 2104 cutus,
399 2032 489 2089 ubi
521 2032 757 2108 primum
788 2031 951 2108 copia
987 2026 1114 2102 fuit,
1139 2030 1297 2088 evehi
1324 2051 1381 2089 e-

185 2118 393 2193 quites„
419 2135 780 2195 campumque
801 2136 963 2194 quem
982 2113 1149 2174 hostis
1172 2114 1380 2176 insede'·

184 2218 289 2274 rat,
321 2204 461 2281 eripi
481 2203 655 2278 jubet.
708 2204 993 2260 Arminius
1015 2201 1201 2280 colligi
1228 2201 1377 2277 sune„

183 2303 239 2345 et
269 2291 642 2368 propinquare
666 2285 811 2347 filvis
833 2288 1080 2347 monitos
1107 2290 1273 2346 vertit
1291 2311 1379 2347 re·

183 2391 387 2450 pente:
420 2394 559 2432 mox
584 2374 790 2450 lignum
815 2374 1208 2453 prorumpendi
1232 2374 1382 2432 dedit

181 2461 276 2534 iis,
301 2480 445 2538 quos
479 2480 574 2539 per
604 2458 764 2519 saltus
795 2460 1186 2534 occultaverat.
1244 2473 1376 2515 tunc
