1742 3000
332 127 463 193 300
566 128 1070 174 &coenatu
1105 130 1402 173 τΑει-τι

320 213 392 274 de
412 214 567 274 exitii
584 211 758 274 cauffa
780 214 972 274 multis
995 214 1129 289 fuit,
1156 234 1461 294 properum
1476 213 1544 274 fi·

323 321 457 361 nem
480 304 623 361 vitae
644 302 1117 376 conjectantibus,
1149 300 1556 375 vulgantibus*

319 406 465 467 queg
492 405 672 464 neque
701 388 853 445 enim
891 402 1007 471 tam
1027 386 1418 446 incredibilem
1447 410 1542 447 ca-

323 471 440 533 sum
459 472 847 553 providebant,
874 489 939 532 ut
955 473 1220 532 undecim
1239 493 1341 552 per
1359 494 1552 533 annos

322 558 505 620 libens
528 561 706 638 patria
728 552 959 618 careret.
995 579 1138 619 mox
1165 562 1354 638 patuit
1378 561 1552 619 breve

325 644 638 706 confinium
658 648 820 720 artis,
845 662 908 704 et
927 645 1076 717 falfi;
1111 666 1360 724 veraque
1378 666 1556 725 quam

328 731 577 794 obscuris
588 747 927 810 teget-eumn
949 753 1076 791 nam
1094 731 1114 763 ‘
1130 735 1191 791 in
1214 736 1408 792 urbem
1425 754 1558 793 non:

329 819 352 852 ‘
368 818 770 897 regi-effurum,'
785 819 931 879 haud
956 819 1101 879 forte
1118 820 1326 878 dietum
1352 840 1369 878 ι
1395 835 1550 879 cete-

332 925 525 965 rorum
555 905 724 965 nescii
747 926 925 981 egere,
950 926 1078 964 cum
1103 907 1437 985 propinquo
1457 927 1554 965 ru-

336 1011 419 1058 re,
450 1007 545 1050 aut
561 990 745 1066 litore,
769 1007 824 1050 et
838 990 994 1071 saepe
1016 994 1242 1051 moenia
1258 993 1417 1051 urbis
1453 994 1560 1053 ad-·

333 1076 550 1152 sidens,
588 1095 892 1139 extremam
926 1077 1195 1138 senectam
1227 1079 1556 1159 compleve-

339 1168 441 1225 rit.
532 1172 618 1225 Ac
635 1166 778 1225 forte
793 1165 905 1225 illis
929 1163 1122 1225 diebus
1140 1164 1392 1224 oblatum
1413 1172 1631 1246 Cae-59

336 1250 445 1311 sari
469 1272 672 1331 anceps
704 1253 1029 1332 periculum,
1067 1253 1224 1310 auxit
1260 1272 1415 1311 vana
1456 1275 1556 1313 ru-

339 1342 552 1411 moris;
597 1341 960 1419 praebuitque
986 1337 1084 1418 ipfi
1117 1339 1428 1412 materiem,
1453 1359 1557 1399 cur

337 1426 608 1484 amicitiae
624 1424 1079 1504 constantiaeque
1093 1425 1269 1502 sejani
1288 1429 1472 1504 magis
1487 1426 1555 1485 fi-

336 1511 511 1570 deret.
560 1510 923 1571 vescebantur
948 1515 1008 1571 in
1027 1512 1157 1572 villa
1182 1515 1271 1570 cui
1291 1517 1554 1573 vocabu-

338 1595 452 1657 lum
478 1596 796 1674 Speluncae,
822 1618 973 1658 mare
998 1597 1372 1659 Amuclanum
1401 1603 1557 1660 inter

337 1682 747 1763 Fundanosque
761 1701 1006 1758 monteS,
1040 1687 1237 1745 nativo
1253 1687 1314 1743 in
1338 1685 1503 1763 specu
1527 1710 1548 1759 ς

341 1772 463 1848 ejus
481 1792 549 1831 os
569 1771 726 1851 lapsis
740 1788 966 1852 repente
980 1769 1149 1846 saxis,
1166 1772 1359 1832 obruit
1376 1772 1554 1852 quos-

340 1858 469 1921 dam
490 1858 803 1920 ministros:
854 1861 984 1918 binc
1012 1872 1192 1918 metus
1225 1860 1288 1917 in
1317 1875 1571 1935 omnesf

337 1962 396 2004 et
418 1944 548 2023 fuga
576 1967 773 2005 eorum
807 1947 905 2025 qui
944 1947 1272 2005 convivium
1298 1948 1554 2006 celebra·

336 2034 494 2089 bant.
540 2035 769 2107 Sejanus
787 2041 954 2110 g'enu,
979 2033 1248 2109 vultuque
1274 2046 1332 2093 et
1360 2035 1554 2092 mani-

338 2119 441 2185 bus
466 2115 620 2197 super
636 2118 921 2177 Caesarem
937 2117 1218 2197 suspensus
1232 2162 1251 2191 ,
1276 2119 1560 2197 opposuit

339 2200 445 2261 sese
467 2202 873 2279 incidentibus:
913 2219 1078 2284 atque
1107 2207 1296 2263 habitu
1327 2208 1554 2265 tali're-

340 2288 614 2368 pertusest
636 2311 667 2347 a
698 2290 966 2350 militibus
995 2295 1092 2370 qui
1117 2289 1352 2349 subfidio
1368 2312 1550 2350 vene-

338 2384 490 2433 rant.
537 2376 717 2450 major
736 2395 808 2434 ex
830 2397 938 2447 «κη
970 2392 1025 2436 et
1049 2397 1390 2455 quamquam
1415 2379 1568 2437 exi-r

338 2461 477 2531 tiosa
501 2459 764 2541 suaderet,
803 2477 867 2522 ut
890 2483 1009 2525 uon
1033 2462 1114 2526 sui
1136 2465 1367 2544 anxius,
1407 2484 1558 2529 cum
