1742 3000
309 154 397 234 64
512 166 981 217 ciconinum
1017 172 1304 216 τΑειτι

305 260 653 336 gionumque
674 256 1329 336 insepultaedicebantur.
1388 256 1539 333 Igie6
1554 286 1579 329 1

307 362 397 404 tur
430 342 633 422 cupido
675 343 955 402 Caesarem
992 343 1207 402 invadit
1246 342 1497 403 solvendi

308 429 554 509 suprema
569 428 854 503 militibus,
871 429 1105 507 ducique
1118 451 1136 501 ;
1160 444 1414 509 permoto
1428 428 1495 488 ad

308 514 714 577 miserationem
731 519 884 575 omni
909 518 1005 594 qui
1021 513 1208 574 aderat
1228 517 1498 592 exercitu,

308 605 384 663 ob
404 604 770 682 propinquos»,
796 604 1024 675 amieos,
1046 601 1284 681 denique
1308 603 1382 661 ob
1406 622 1498 662 ca·

309 688 397 748 sus
415 688 707 762 bellorum,
724 703 779 747 et
799 685 997 748 sortem
1012 689 1324 757 hominum
1339 708 1499 766 prae·

308 773 467 835 mlffo
480 777 715 835 Caecina
733 790 794 834 ut
810 774 1029 834 occulta
1044 772 1273 834 saltuum
1293 773 1501 834 scruta·

309 878 481 935 retur,
512 859 814 940 pontesque
838 877 893 919 et
915 881 1136 938 aggeres
1158 854 1386 921 hurnido
1401 881 1501 940 pa·

309 946 499 1006 ludum
526 962 580 1004 et
619 945 903 1008 fallacibus
934 949 1140 1027 eampis
1166 949 1502 1027 imponeret,

310 1033 578 1093 incedunt
600 1032 836 1092 moestos
859 1032 1039 1109 locos,
1064 1032 1290 1112 visuque
1306 1055 1370 1094 ac
1384 1054 1502 1093 me·
1571 1100 1579 1105 ⁶

313 1125 491 1179 moria
519 1117 816 1180 deformes,
860 1121 1038 1200 prima
1059 1121 1197 1178 Vari
1223 1118 1390 1180 castra
1418 1120 1501 1179 la·

311 1221 376 1266 to
401 1208 627 1281 ambitu,
649 1220 705 1264 et
725 1205 978 1266 dimensis
999 1207 1305 1285 principiis,
1336 1209 1503 1267 trium

311 1292 596 1369 legionum
627 1311 819 1352 manus
848 1292 1223 1351 ostentabant:
1262 1293 1390 1352 dein
1422 1292 1502 1353 se-

313 1382 520 1439 miruto
543 1378 718 1452 vallo,
749 1379 945 1437 humili
973 1376 1127 1453 foss'a,
1154 1377 1355 1439 accisae
1379 1380 1502 1457 jam

314 1464 574 1543 reliquiae
589 1461 881 1525 consediffe
895 1465 1357 1541 intelligebantur:
1387 1487 1501 1525 rne-

313 1550 407 1611 dio
432 1553 605 1631 campi
627 1551 864 1610 albentia
889 1550 1023 1625 ossa,
1048 1570 1108 1610 ut
1138 1552 1414 1628 fugerant,
1436 1569 1503 1612 ut

316 1636 638 1713 restiterant,
666 1638 892 1714 disjecta
917 1638 1005 1697 vel
1029 1655 1286 1716 aggerata
1308 1661 1323 1698 ι
1350 1639 1503 1716 adja-

314 1726 508 1784 cebant
546 1723 813 1801 fragmina
837 1724 1095 1798 telorum,
1125 1745 1506 1803 equorumque

313 1827 487 1884 artua,
535 1810 687 1870 fimul
726 1812 936 1869 truncis
968 1815 1225 1871 arborum
1264 1809 1507 1871 antefixa

313 1918 411 1956 ora
431 1921 448 1968 ;
475 1897 615 1957 lucis
639 1899 970 1976 propinquis
987 1899 1246 1956 barbarae
1269 1918 1415 1971 arae,
1444 1920 1503 1956 a·

314 1983 425 2062 pud
452 2004 589 2062 quas
623 1986 899 2057 tribunos,
939 2004 1000 2043 ac
1030 1985 1329 2063 primorum
1353 1983 1505 2043 ordi·

313 2091 444 2129 num
472 2072 821 2129 centuriones
847 2074 1238 2142 mactaverant3
1256 2084 1311 2128 et
1336 2070 1506 2130 cladis

312 2156 433 2231 ejus
458 2153 764 2233 superstites
805 2176 1046 2234 pugnam
1086 2172 1179 2215 aut
1202 2156 1426 2215 vincula
1447 2176 1505 2214 e·

313 2238 463 2318 lapfi,
491 2240 818 2315 referebant,
848 2242 866 2272 ‘
887 2244 975 2299 hic
998 2239 1244 2301 cecidiffe
1265 2240 1503 2319 legatos;

314 2327 334 2358 ‘
368 2326 476 2385 illic
507 2340 690 2406 raptas
715 2326 925 2405 aquilas
942 2349 961 2400 ;
1003 2330 1238 2406 primum
1265 2329 1354 2386 ubi
1382 2328 1507 2387 vul-

309 2409 332 2443 ‘
359 2433 466 2472 nus
490 2419 646 2472 Varo
669 2413 954 2487 adactum3
1000 2416 1094 2474 ubi
1128 2412 1328 2475 infelici
1370 2413 1509 2474 dex·

311 2498 333 2534 ‘
357 2515 456 2576 tra,
495 2498 661 2562 etsuo
682 2502 792 2561 iftu
810 2517 1048 2563 mortem
1062 2501 1362 2577 invenerit3
1388 2522 1508 2583 quo
