1742 3000
386 145 814 194 Auum-mu
855 147 991 191 ιη.
1025 120 1124 196 nr,<
1244 144 1369 208 313

184 231 430 294 tionibus
445 229 698 307 arduum,
731 229 880 311 apud
902 236 1212 289 Germanos
1227 229 1373 290 diffi-

184 321 340 382 cilius
357 317 716 393 tolerabatur,
735 320 863 397 quis
879 316 1189 395 ingentium
1204 314 1375 374 bellu·

183 427 335 466 arum
373 405 578 466 feraces
618 401 808 479 saltus,
845 403 1066 464 modica
1100 400 1256 461 domi
1285 422 1376 461 ar·

183 507 371 555 menta
385 492 533 551 sunt.
576 511 639 551 ac
657 493 838 571 primo
853 493 1026 551 boves
1047 486 1219 569 ipsos,
1234 508 1377 552 mox

185 599 369 658 agros,
397 576 675 659 postremo
695 597 935 659 corpora
960 574 1261 654 conjugum
1278 589 1378 637 aut

184 666 511 740 liberorum,
534 662 759 723 servitio
782 662 1093 723 tradebant.
1137 664 1271 722 hine
1291 662 1376 722 ira

187 767 246 812 et
263 748 513 832 questus;
550 764 607 808 et
636 748 925 828 postquam
950 767 1070 807 uon
1087 746 1375 808 subvenie-

185 840 302 912 bat,
334 831 630 896 remedium
661 854 735 895 ex
755 833 940 907 bello;
965 825 1108 912 rapti
1142 834 1240 913 qui
1271 837 1375 893 tri-

185 924 325 985 buto
353 922 584 983 aderant
618 921 839 996 milites,
873 936 931 980 et
964 919 1376 1000 patibuloadfi·

184 1011 270 1071 xi.
328 1010 605 1070 Olennius
637 1007 887 1069 infensos
913 1007 1043 1086 fuga
1064 1010 1378 1087 praevenit,

184 1110 440 1175 receptus
463 1092 682 1154 castello
704 1095 794 1153 cui
809 1110 1022 1153 nomen
1040 1092 1292 1153 Flevum:
1316 1109 1377 1153 et

188 1180 338 1241 haud
368 1178 666 1259 spernenda
697 1178 808 1238 illic
827 1179 1037 1239 civium
1072 1175 1378 1239 sociorum·

186 1284 300 1346 que
339 1284 537 1324 manus
574 1264 741 1324 litora
778 1265 989 1324 Oceani
1018 1261 1375 1342 praefidebat.

22 1394 35 1452 v!
97 1382 136 1439 7
150 1350 361 1441 3Quod
374 1350 469 1410 ubi
483 1356 553 1409 L.
568 1350 828 1429 Apronio
840 1348 1123 1410 inferioris
1144 1356 1377 1411 Germa·

180 1439 315 1498 niae
337 1451 695 1518 propraetore
716 1438 1030 1516 cognitum,
1060 1436 1265 1497 vexilla
1293 1438 1378 1498 le·

182 1526 417 1605 gionum
433 1545 465 1583 e
479 1521 758 1606 superiore
772 1525 1086 1605 provincia,
1099 1522 1377 1603 peditum-

172 1631 294 1693 que
315 1627 370 1671 et
384 1613 631 1691 equitum
654 1610 998 1671 auxiliarium
1018 1610 1259 1670 deleElos
1282 1632 1376 1672 ac·

181 1700 345 1758 civite
363 1719 425 1758 ae
439 1697 593 1757 fimul
608 1712 905 1775 utrumque
916 1688 1219 1756 exercitum
1233 1700 1378 1756 Rhe·

182 1803 267 1842 no
290 1782 594 1857 demetam,
606 1780 791 1842 Frifiis
806 1782 1029 1854 intulit3
1061 1779 1377 1859 solutojam

182 1865 385 1929 castelli
400 1866 608 1928 obsidio
612 1911 631 1944 ,
659 1881 717 1927 et
730 1867 797 1927 ad
816 1866 910 1928 sua
927 1866 1158 1927 tutanda
1172 1864 1378 1945 digres-

183 1951 256 2014 fis
281 1953 592 2015 rebellibus.
640 1955 812 2031 igitur
835 1954 1094 2034 proxima
1115 1951 1378 2014 aestuaria

182 2040 477 2118 aggeribus
501 2055 556 2098 et
574 2041 868 2119 pontibus,
896 2037 1234 2099 traducendo
1249 2059 1379 2118 gra·

182 2127 335 2187 viori
359 2126 567 2202 agmini
589 2123 805 2198 firman
831 2140 1001 2204 atque
1030 2127 1251 2186 interim
1286 2147 1380 2188 rea

180 2212 356 2294 pertis
373 2210 552 2287 vadis,
571 2211 712 2271 alam
735 2210 1137 2287 Canninefatem,
1154 2229 1210 2273 et
1225 2212 1380 2292 quod
1489 2200 1512 2225 ⁵

181 2297 432 2378 peditum
450 2305 853 2358 Germanorum
868 2301 1016 2359 inter
1030 2298 1244 2359 nostros
1261 2318 1380 2359 me·

183 2385 362 2458 rebat,
383 2385 743 2463 circumgredi
765 2400 918 2462 terga
935 2383 1336 2461 bostiumjubet
1356 2404 1375 2442 z

182 2469 288 2550 qui
320 2469 439 2546 jam
461 2473 577 2530 acie
617 2469 908 2554 eompofiti
932 2470 1144 2553 pellunt
1168 2485 1377 2533 turmas

277 2560 384 2616 To
399 2574 470 2617 Μ.
501 2558 551 2621 1'.
811 2563 861 2616 Ο
