<?xml version="1.0" encoding="UTF-8"?>
<!DOCTYPE html PUBLIC "-//W3C//DTD XHTML 1.0 Transitional//EN"
    "http://www.w3.org/TR/xhtml1/DTD/xhtml1-transitional.dtd">
<html xmlns="http://www.w3.org/1999/xhtml" xml:lang="en" lang="en">
 <head>
  <title>
</title>
<meta http-equiv="Content-Type" content="text/html;charset=utf-8" />
  <meta name='ocr-system' content='tesseract 3.04.00' />
  <meta name='ocr-capabilities' content='ocr_page ocr_carea ocr_par ocr_line ocrx_word'/>
</head>
<body>
  <div class='ocr_page' id='page_1' title='image "./ccorneliitaciti06grongoog_0155.png"; bbox 0 0 1742 3000; ppageno 0'>
   <div class='ocr_carea' id='block_1_1' title="bbox 87 152 1372 2476">
    <p class='ocr_par' dir='ltr' id='par_1_1' title="bbox 388 152 1353 219">
     <span class='ocr_line' id='line_1_1' title="bbox 388 152 1353 219; baseline -0.006 -15"><span class='ocrx_word' id='word_1_1' title='bbox 388 161 810 204; x_wconf 68' lang='lat' dir='ltr'>AnuAmtru</span> <span class='ocrx_word' id='word_1_2' title='bbox 845 159 976 199; x_wconf 73' lang='lat' dir='ltr'>mn.</span> <span class='ocrx_word' id='word_1_3' title='bbox 1015 161 1092 201; x_wconf 85' lang='lat'>11.</span> <span class='ocrx_word' id='word_1_4' title='bbox 1233 152 1353 219; x_wconf 77' lang='lat'>145</span> 
     </span>
    </p>

    <p class='ocr_par' dir='ltr' id='par_1_2' title="bbox 87 236 1372 2476">
     <span class='ocr_line' id='line_1_2' title="bbox 154 236 1353 320; baseline -0.006 -15"><span class='ocrx_word' id='word_1_5' title='bbox 154 259 245 305; x_wconf 88' lang='lat' dir='ltr'>tat</span> <span class='ocrx_word' id='word_1_6' title='bbox 264 244 468 311; x_wconf 79' lang='lat' dir='ltr'>oratio,</span> <span class='ocrx_word' id='word_1_7' title='bbox 493 261 602 320; x_wconf 86' lang='lat' dir='ltr'>qua</span> <span class='ocrx_word' id='word_1_8' title='bbox 626 241 647 273; x_wconf 89' lang='lat'>‘</span> <span class='ocrx_word' id='word_1_9' title='bbox 664 236 1101 317; x_wconf 81' lang='lat' dir='ltr'>magnitudinem</span> <span class='ocrx_word' id='word_1_10' title='bbox 1118 239 1247 311; x_wconf 85' lang='lat' dir='ltr'>viri,</span> <span class='ocrx_word' id='word_1_11' title='bbox 1265 241 1353 298; x_wconf 86' lang='lat' dir='ltr'>vi-</span> 
     </span>
     <span class='ocr_line' id='line_1_3' title="bbox 156 325 1357 407; baseline -0.005 -18"><span class='ocrx_word' id='word_1_12' title='bbox 156 331 181 363; x_wconf 90' lang='lat'>‘</span> <span class='ocrx_word' id='word_1_13' title='bbox 212 329 481 390; x_wconf 86' lang='lat' dir='ltr'>olentiam</span> <span class='ocrx_word' id='word_1_14' title='bbox 512 327 868 407; x_wconf 59' lang='lat' dir='ltr'>subjeetarum</span> <span class='ocrx_word' id='word_1_15' title='bbox 900 327 950 383; x_wconf 85' lang='lat' dir='ltr'>ei</span> <span class='ocrx_word' id='word_1_16' title='bbox 990 325 1259 401; x_wconf 87' lang='lat' dir='ltr'>gentium,</span> <span class='ocrx_word' id='word_1_17' title='bbox 1297 339 1357 383; x_wconf 91' lang='lat' dir='ltr'>et</span> 
     </span>
     <span class='ocr_line' id='line_1_4' title="bbox 160 409 1355 496; baseline -0.003 -22"><span class='ocrx_word' id='word_1_18' title='bbox 160 417 185 449; x_wconf 87' lang='lat'>‘</span> <span class='ocrx_word' id='word_1_19' title='bbox 212 436 381 496; x_wconf 87' lang='lat' dir='ltr'>quam</span> <span class='ocrx_word' id='word_1_20' title='bbox 415 415 760 495; x_wconf 78' lang='lat' dir='ltr'>propinquus</span> <span class='ocrx_word' id='word_1_21' title='bbox 794 412 983 471; x_wconf 80' lang='lat' dir='ltr'>ltaliae</span> <span class='ocrx_word' id='word_1_22' title='bbox 1004 409 1196 484; x_wconf 81' lang='lat' dir='ltr'>hostis,</span> <span class='ocrx_word' id='word_1_23' title='bbox 1236 409 1355 470; x_wconf 84' lang='lat' dir='ltr'>sua-</span> 
     </span>
     <span class='ocr_line' id='line_1_5' title="bbox 159 495 1353 582; baseline -0.002 -23"><span class='ocrx_word' id='word_1_24' title='bbox 159 502 184 534; x_wconf 89' lang='lat'>‘</span> <span class='ocrx_word' id='word_1_25' title='bbox 208 503 394 582; x_wconf 88' lang='lat' dir='ltr'>quein</span> <span class='ocrx_word' id='word_1_26' title='bbox 415 498 743 559; x_wconf 86' lang='lat' dir='ltr'>destruendo</span> <span class='ocrx_word' id='word_1_27' title='bbox 774 518 845 558; x_wconf 91' lang='lat' dir='ltr'>eo</span> <span class='ocrx_word' id='word_1_28' title='bbox 867 495 1111 556; x_wconf 80' lang='lat' dir='ltr'>confilia’</span> <span class='ocrx_word' id='word_1_29' title='bbox 1133 498 1353 557; x_wconf 84' lang='lat' dir='ltr'>extulit.</span> 
     </span>
     <span class='ocr_line' id='line_1_6' title="bbox 162 584 1358 662; baseline -0.005 -14"><span class='ocrx_word' id='word_1_30' title='bbox 162 603 227 648; x_wconf 86' lang='lat' dir='ltr'>et</span> <span class='ocrx_word' id='word_1_31' title='bbox 251 585 633 647; x_wconf 83' lang='lat' dir='ltr'>Maroboduus</span> <span class='ocrx_word' id='word_1_32' title='bbox 650 584 868 662; x_wconf 87' lang='lat' dir='ltr'>quidem</span> <span class='ocrx_word' id='word_1_33' title='bbox 887 590 1182 642; x_wconf 82' lang='lat' dir='ltr'>Ravennae</span> <span class='ocrx_word' id='word_1_34' title='bbox 1203 586 1358 643; x_wconf 88' lang='lat' dir='ltr'>habi-</span> 
     </span>
     <span class='ocr_line' id='line_1_7' title="bbox 163 664 1359 752; baseline -0.003 -18"><span class='ocrx_word' id='word_1_35' title='bbox 163 690 289 747; x_wconf 83' lang='lat' dir='ltr'>tus,</span> <span class='ocrx_word' id='word_1_36' title='bbox 313 671 354 731; x_wconf 88' lang='lat' dir='ltr'>fi</span> <span class='ocrx_word' id='word_1_37' title='bbox 375 670 603 752; x_wconf 87' lang='lat' dir='ltr'>quando</span> <span class='ocrx_word' id='word_1_38' title='bbox 619 665 997 729; x_wconf 81' lang='lat' dir='ltr'>insolescerent</span> <span class='ocrx_word' id='word_1_39' title='bbox 1012 672 1193 744; x_wconf 78' lang='lat' dir='ltr'>Suevi,</span> <span class='ocrx_word' id='word_1_40' title='bbox 1208 664 1359 749; x_wconf 84' lang='lat' dir='ltr'>quafi</span> 
     </span>
     <span class='ocr_line' id='line_1_8' title="bbox 164 753 1360 834; baseline -0.003 -16"><span class='ocrx_word' id='word_1_41' title='bbox 164 759 454 821; x_wconf 76' lang='lat' dir='ltr'>rediturus</span> <span class='ocrx_word' id='word_1_42' title='bbox 478 757 539 814; x_wconf 91' lang='lat' dir='ltr'>in</span> <span class='ocrx_word' id='word_1_43' title='bbox 564 775 791 834; x_wconf 85' lang='lat' dir='ltr'>regnum</span> <span class='ocrx_word' id='word_1_44' title='bbox 827 753 1229 830; x_wconf 75' lang='lat' dir='ltr'>ostentabatur3</span> <span class='ocrx_word' id='word_1_45' title='bbox 1268 754 1360 819; x_wconf 87' lang='lat' dir='ltr'>sed</span> 
     </span>
     <span class='ocr_line' id='line_1_9' title="bbox 165 840 1359 921; baseline -0.003 -15"><span class='ocrx_word' id='word_1_46' title='bbox 165 865 294 907; x_wconf 85' lang='lat' dir='ltr'>non</span> <span class='ocrx_word' id='word_1_47' title='bbox 317 842 535 904; x_wconf 82' lang='lat' dir='ltr'>exoeffit</span> <span class='ocrx_word' id='word_1_48' title='bbox 559 842 717 902; x_wconf 85' lang='lat' dir='ltr'>Italia</span> <span class='ocrx_word' id='word_1_49' title='bbox 735 863 831 921; x_wconf 83' lang='lat' dir='ltr'>per</span> <span class='ocrx_word' id='word_1_50' title='bbox 851 840 1235 920; x_wconf 84' lang='lat' dir='ltr'>duodeviginti</span> <span class='ocrx_word' id='word_1_51' title='bbox 1260 863 1359 902; x_wconf 86' lang='lat' dir='ltr'>an-</span> 
     </span>
     <span class='ocr_line' id='line_1_10' title="bbox 168 927 1361 1010; baseline -0.003 -17"><span class='ocrx_word' id='word_1_52' title='bbox 168 951 318 1005; x_wconf 53' lang='lat' dir='ltr'>non</span> <span class='ocrx_word' id='word_1_53' title='bbox 359 927 756 1010; x_wconf 84' lang='lat' dir='ltr'>consenuitque</span> <span class='ocrx_word' id='word_1_54' title='bbox 792 928 1031 989; x_wconf 87' lang='lat' dir='ltr'>multum</span> <span class='ocrx_word' id='word_1_55' title='bbox 1068 929 1361 990; x_wconf 80' lang='lat' dir='ltr'>imminuta</span> 
     </span>
     <span class='ocr_line' id='line_1_11' title="bbox 168 1015 1359 1093; baseline -0.003 -14"><span class='ocrx_word' id='word_1_56' title='bbox 168 1019 420 1080; x_wconf 81' lang='lat' dir='ltr'>claritate</span> <span class='ocrx_word' id='word_1_57' title='bbox 436 1017 512 1077; x_wconf 92' lang='lat' dir='ltr'>ob</span> <span class='ocrx_word' id='word_1_58' title='bbox 534 1017 760 1076; x_wconf 87' lang='lat' dir='ltr'>nimiam</span> <span class='ocrx_word' id='word_1_59' title='bbox 781 1015 1010 1076; x_wconf 84' lang='lat' dir='ltr'>vivendi</span> <span class='ocrx_word' id='word_1_60' title='bbox 1022 1015 1359 1093; x_wconf 80' lang='lat' dir='ltr'>cupidinem.</span> 
     </span>
     <span class='ocr_line' id='line_1_12' title="bbox 170 1100 1361 1180; baseline -0.005 -15"><span class='ocrx_word' id='word_1_61' title='bbox 170 1103 318 1165; x_wconf 85' lang='lat' dir='ltr'>idem</span> <span class='ocrx_word' id='word_1_62' title='bbox 342 1100 639 1163; x_wconf 84' lang='lat' dir='ltr'><strong>Catualdae</strong></span> <span class='ocrx_word' id='word_1_63' title='bbox 661 1101 836 1177; x_wconf 84' lang='lat' dir='ltr'>casus,</span> <span class='ocrx_word' id='word_1_64' title='bbox 857 1121 1041 1178; x_wconf 86' lang='lat' dir='ltr'>neque</span> <span class='ocrx_word' id='word_1_65' title='bbox 1065 1100 1214 1161; x_wconf 86' lang='lat' dir='ltr'>aliud</span> <span class='ocrx_word' id='word_1_66' title='bbox 1237 1106 1361 1180; x_wconf 82' lang='lat' dir='ltr'>per&#39;·</span> 
     </span>
     <span class='ocr_line' id='line_1_13' title="bbox 173 1182 1363 1269; baseline -0.005 -18"><span class='ocrx_word' id='word_1_67' title='bbox 173 1191 418 1268; x_wconf 75' lang='lat' dir='ltr'>fugium3</span> <span class='ocrx_word' id='word_1_68' title='bbox 461 1186 646 1269; x_wconf 79' lang='lat' dir='ltr'>pulsus</span> <span class='ocrx_word' id='word_1_69' title='bbox 676 1182 820 1249; x_wconf 79' lang='lat' dir='ltr'>haud</span> <span class='ocrx_word' id='word_1_70' title='bbox 856 1184 1037 1245; x_wconf 89' lang='lat' dir='ltr'>multo</span> <span class='ocrx_word' id='word_1_71' title='bbox 1062 1185 1180 1262; x_wconf 86' lang='lat' dir='ltr'>post</span> <span class='ocrx_word' id='word_1_72' title='bbox 1214 1191 1363 1245; x_wconf 88' lang='lat' dir='ltr'>Her·</span> 
     </span>
     <span class='ocr_line' id='line_1_14' title="bbox 173 1271 1361 1354; baseline -0.007 -16"><span class='ocrx_word' id='word_1_73' title='bbox 173 1275 581 1338; x_wconf 82' lang='lat' dir='ltr'>mundurorum</span> <span class='ocrx_word' id='word_1_74' title='bbox 604 1275 830 1354; x_wconf 82' lang='lat' dir='ltr'>opibus,</span> <span class='ocrx_word' id='word_1_75' title='bbox 860 1286 919 1331; x_wconf 87' lang='lat' dir='ltr'>et</span> <span class='ocrx_word' id='word_1_76' title='bbox 952 1271 1165 1331; x_wconf 87' lang='lat' dir='ltr'>Vibilio</span> <span class='ocrx_word' id='word_1_77' title='bbox 1183 1271 1361 1347; x_wconf 86' lang='lat' dir='ltr'>duce;</span> 
     </span>
     <span class='ocr_line' id='line_1_15' title="bbox 171 1356 1365 1441; baseline -0.002 -19"><span class='ocrx_word' id='word_1_78' title='bbox 171 1358 552 1441; x_wconf 86' lang='lat' dir='ltr'>receptusque,</span> <span class='ocrx_word' id='word_1_79' title='bbox 581 1359 765 1420; x_wconf 89' lang='lat' dir='ltr'>forum</span> <span class='ocrx_word' id='word_1_80' title='bbox 788 1356 998 1437; x_wconf 87' lang='lat' dir='ltr'>Julium</span> <span class='ocrx_word' id='word_1_81' title='bbox 1026 1360 1365 1421; x_wconf 85' lang='lat' dir='ltr'>Narbonen-</span> 
     </span>
     <span class='ocr_line' id='line_1_16' title="bbox 172 1445 1363 1510; baseline -0.001 0"><span class='ocrx_word' id='word_1_82' title='bbox 172 1447 244 1510; x_wconf 77' lang='lat' dir='ltr'>fis</span> <span class='ocrx_word' id='word_1_83' title='bbox 278 1445 489 1508; x_wconf 80' lang='lat' dir='ltr'>Galliae</span> <span class='ocrx_word' id='word_1_84' title='bbox 524 1447 799 1508; x_wconf 87' lang='lat' dir='ltr'>coloniam</span> <span class='ocrx_word' id='word_1_85' title='bbox 830 1446 1087 1507; x_wconf 83' lang='lat' dir='ltr'>mittitur.</span> <span class='ocrx_word' id='word_1_86' title='bbox 1145 1447 1363 1509; x_wconf 86' lang='lat' dir='ltr'>barbari</span> 
     </span>
     <span class='ocr_line' id='line_1_17' title="bbox 172 1535 1366 1615; baseline 0.001 -20"><span class='ocrx_word' id='word_1_87' title='bbox 172 1550 472 1613; x_wconf 86' lang='lat' dir='ltr'>utrumque</span> <span class='ocrx_word' id='word_1_88' title='bbox 498 1536 748 1595; x_wconf 78' lang='lat' dir='ltr'>comitati</span> <span class='ocrx_word' id='word_1_89' title='bbox 780 1554 854 1593; x_wconf 88' lang='lat' dir='ltr'>ne</span> <span class='ocrx_word' id='word_1_90' title='bbox 878 1535 1097 1613; x_wconf 82' lang='lat' dir='ltr'>quietas</span> <span class='ocrx_word' id='word_1_91' title='bbox 1130 1536 1366 1615; x_wconf 85' lang='lat' dir='ltr'>provin-</span> 
     </span>
     <span class='ocr_line' id='line_1_18' title="bbox 172 1621 1365 1696; baseline 0 -14"><span class='ocrx_word' id='word_1_92' title='bbox 172 1624 286 1682; x_wconf 71' lang='lat' dir='ltr'>cias</span> <span class='ocrx_word' id='word_1_93' title='bbox 301 1621 541 1696; x_wconf 59' lang='lat' dir='ltr'>immixti</span> <span class='ocrx_word' id='word_1_94' title='bbox 557 1622 862 1695; x_wconf 80' lang='lat' dir='ltr'>turbarent,</span> <span class='ocrx_word' id='word_1_95' title='bbox 883 1622 1203 1680; x_wconf 86' lang='lat' dir='ltr'>Danubium</span> <span class='ocrx_word' id='word_1_96' title='bbox 1221 1621 1365 1682; x_wconf 82' lang='lat' dir='ltr'>ultra</span> 
     </span>
     <span class='ocr_line' id='line_1_19' title="bbox 171 1704 1367 1769; baseline -0.003 0"><span class='ocrx_word' id='word_1_97' title='bbox 171 1707 323 1769; x_wconf 77' lang='lat' dir='ltr'>inter</span> <span class='ocrx_word' id='word_1_98' title='bbox 345 1706 572 1766; x_wconf 88' lang='lat' dir='ltr'>flumina</span> <span class='ocrx_word' id='word_1_99' title='bbox 588 1711 807 1766; x_wconf 85' lang='lat' dir='ltr'>Marum</span> <span class='ocrx_word' id='word_1_100' title='bbox 839 1721 897 1765; x_wconf 90' lang='lat' dir='ltr'>et</span> <span class='ocrx_word' id='word_1_101' title='bbox 930 1704 1134 1764; x_wconf 82' lang='lat' dir='ltr'>Cusum</span> <span class='ocrx_word' id='word_1_102' title='bbox 1170 1706 1367 1766; x_wconf 87' lang='lat' dir='ltr'>locan-</span> 
     </span>
     <span class='ocr_line' id='line_1_20' title="bbox 175 1790 1367 1869; baseline -0.001 -16"><span class='ocrx_word' id='word_1_103' title='bbox 175 1808 291 1869; x_wconf 85' lang='lat' dir='ltr'>tur,</span> <span class='ocrx_word' id='word_1_104' title='bbox 319 1792 451 1852; x_wconf 87' lang='lat' dir='ltr'>dato</span> <span class='ocrx_word' id='word_1_105' title='bbox 484 1799 634 1869; x_wconf 86' lang='lat' dir='ltr'>Rege</span> <span class='ocrx_word' id='word_1_106' title='bbox 658 1793 892 1851; x_wconf 86' lang='lat' dir='ltr'>Vannio</span> <span class='ocrx_word' id='word_1_107' title='bbox 924 1793 1109 1868; x_wconf 83' lang='lat' dir='ltr'>gentis</span> <span class='ocrx_word' id='word_1_108' title='bbox 1143 1790 1367 1866; x_wconf 77' lang='lat' dir='ltr'>Quado-</span> 
     </span>
     <span class='ocr_line' id='line_1_21' title="bbox 87 1875 1368 1952; baseline -0.003 -12"><span class='ocrx_word' id='word_1_109' title='bbox 87 1875 176 1952; x_wconf 83' lang='grc'>64</span> <span class='ocrx_word' id='word_1_110' title='bbox 187 1900 331 1940; x_wconf 86' lang='lat' dir='ltr'>rum.</span> <span class='ocrx_word' id='word_1_111' title='bbox 421 1879 592 1937; x_wconf 89' lang='lat' dir='ltr'>Simul</span> <span class='ocrx_word' id='word_1_112' title='bbox 606 1876 911 1936; x_wconf 86' lang='lat' dir='ltr'>nunciato‘</span> <span class='ocrx_word' id='word_1_113' title='bbox 936 1896 1117 1951; x_wconf 86' lang='lat' dir='ltr'>regem</span> <span class='ocrx_word' id='word_1_114' title='bbox 1143 1878 1368 1936; x_wconf 86' lang='lat' dir='ltr'>Artaxi-</span> 
     </span>
     <span class='ocr_line' id='line_1_22' title="bbox 179 1961 1368 2038; baseline -0.002 -13"><span class='ocrx_word' id='word_1_115' title='bbox 179 1966 200 2000; x_wconf 86' lang='lat'>‘</span> <span class='ocrx_word' id='word_1_116' title='bbox 222 1981 314 2025; x_wconf 83' lang='lat' dir='ltr'>am</span> <span class='ocrx_word' id='word_1_117' title='bbox 331 1966 610 2024; x_wconf 74' lang='lat' dir='ltr'>Armeniis</span> <span class='ocrx_word' id='word_1_118' title='bbox 625 1966 658 2022; x_wconf 72' lang='grc' dir='ltr'>ὲ</span> <span class='ocrx_word' id='word_1_119' title='bbox 674 1965 1011 2022; x_wconf 87' lang='lat' dir='ltr'>Germanico</span> <span class='ocrx_word' id='word_1_120' title='bbox 1026 1961 1260 2038; x_wconf 85' lang='lat' dir='ltr'>datum‚’</span> <span class='ocrx_word' id='word_1_121' title='bbox 1271 1963 1368 2023; x_wconf 88' lang='lat' dir='ltr'>de·</span> 
     </span>
     <span class='ocr_line' id='line_1_23' title="bbox 178 2049 1370 2130; baseline -0.001 -19"><span class='ocrx_word' id='word_1_122' title='bbox 178 2070 399 2111; x_wconf 84' lang='lat' dir='ltr'>crevere</span> <span class='ocrx_word' id='word_1_123' title='bbox 431 2067 641 2129; x_wconf 83' lang='lat' dir='ltr'>patres,</span> <span class='ocrx_word' id='word_1_124' title='bbox 678 2049 699 2082; x_wconf 90' lang='lat'>‘</span> <span class='ocrx_word' id='word_1_125' title='bbox 728 2064 791 2109; x_wconf 90' lang='lat' dir='ltr'>ut</span> <span class='ocrx_word' id='word_1_126' title='bbox 813 2050 1176 2110; x_wconf 84' lang='lat' dir='ltr'>Germanicus</span> <span class='ocrx_word' id='word_1_127' title='bbox 1206 2066 1370 2130; x_wconf 85' lang='lat' dir='ltr'>atque</span> 
     </span>
     <span class='ocr_line' id='line_1_24' title="bbox 174 2134 1368 2212; baseline -0.001 -15"><span class='ocrx_word' id='word_1_128' title='bbox 174 2138 199 2170; x_wconf 88' lang='lat'>‘</span> <span class='ocrx_word' id='word_1_129' title='bbox 235 2134 454 2212; x_wconf 71' lang='lat' dir='ltr'>Drusus</span> <span class='ocrx_word' id='word_1_130' title='bbox 487 2151 724 2198; x_wconf 81' lang='lat' dir='ltr'>ovantes</span> <span class='ocrx_word' id='word_1_131' title='bbox 761 2136 953 2196; x_wconf 88' lang='lat' dir='ltr'>urbem</span> <span class='ocrx_word' id='word_1_132' title='bbox 990 2138 1292 2198; x_wconf 87' lang='lat' dir='ltr'>introirent</span> <span class='ocrx_word' id='word_1_133' title='bbox 1309 2160 1335 2212; x_wconf 81' lang='lat'>·,</span> <span class='ocrx_word' id='word_1_134' title='bbox 1350 2140 1368 2166; x_wconf 90' lang='lat'>’</span> 
     </span>
     <span class='ocr_line' id='line_1_25' title="bbox 176 2220 1370 2304; baseline 0.001 -21"><span class='ocrx_word' id='word_1_135' title='bbox 176 2220 360 2285; x_wconf 67' lang='lat' dir='ltr'>strufli</span> <span class='ocrx_word' id='word_1_136' title='bbox 370 2237 425 2281; x_wconf 89' lang='lat' dir='ltr'>et</span> <span class='ocrx_word' id='word_1_137' title='bbox 436 2241 594 2283; x_wconf 75' lang='lat' dir='ltr'>arcus</span> <span class='ocrx_word' id='word_1_138' title='bbox 611 2224 814 2288; x_wconf 83' lang='lat' dir='ltr'>circum</span> <span class='ocrx_word' id='word_1_139' title='bbox 825 2222 995 2283; x_wconf 86' lang='lat' dir='ltr'>latera</span> <span class='ocrx_word' id='word_1_140' title='bbox 1009 2223 1199 2304; x_wconf 86' lang='lat' dir='ltr'>templi</span> <span class='ocrx_word' id='word_1_141' title='bbox 1217 2230 1370 2284; x_wconf 79' lang='lat' dir='ltr'>Mar-</span> 
     </span>
     <span class='ocr_line' id='line_1_26' title="bbox 178 2303 1372 2389; baseline 0 -20"><span class='ocrx_word' id='word_1_142' title='bbox 178 2310 255 2369; x_wconf 73' lang='lat' dir='ltr'>tia</span> <span class='ocrx_word' id='word_1_143' title='bbox 275 2307 513 2383; x_wconf 78' lang='lat' dir='ltr'>Ultoris,</span> <span class='ocrx_word' id='word_1_144' title='bbox 534 2330 659 2369; x_wconf 88' lang='lat' dir='ltr'>cum</span> <span class='ocrx_word' id='word_1_145' title='bbox 681 2309 856 2389; x_wconf 90' lang='lat' dir='ltr'>effigie</span> <span class='ocrx_word' id='word_1_146' title='bbox 871 2308 1184 2371; x_wconf 78' lang='lat' dir='ltr'>Caesarum:</span> <span class='ocrx_word' id='word_1_147' title='bbox 1213 2303 1372 2369; x_wconf 80' lang='lat' dir='ltr'>laeti-</span> 
     </span>
     <span class='ocr_line' id='line_1_27' title="bbox 180 2393 1370 2476; baseline -0.001 -23"><span class='ocrx_word' id='word_1_148' title='bbox 180 2412 281 2453; x_wconf 86' lang='lat' dir='ltr'>ore</span> <span class='ocrx_word' id='word_1_149' title='bbox 313 2394 570 2470; x_wconf 87' lang='lat' dir='ltr'>Tiberio,</span> <span class='ocrx_word' id='word_1_150' title='bbox 612 2398 743 2476; x_wconf 86' lang='lat' dir='ltr'>quia</span> <span class='ocrx_word' id='word_1_151' title='bbox 764 2416 954 2475; x_wconf 87' lang='lat' dir='ltr'>pacem</span> <span class='ocrx_word' id='word_1_152' title='bbox 978 2396 1241 2476; x_wconf 80' lang='lat' dir='ltr'>sapientia</span> <span class='ocrx_word' id='word_1_153' title='bbox 1275 2393 1370 2453; x_wconf 85' lang='lat' dir='ltr'>fir·</span> 
     </span>
    </p>
   </div>
   <div class='ocr_carea' id='block_1_2' title="bbox 173 2480 1371 2628">
    <p class='ocr_par' dir='ltr' id='par_1_3' title="bbox 173 2480 1371 2628">
     <span class='ocr_line' id='line_1_28' title="bbox 173 2480 1371 2563; baseline -0.003 -21"><span class='ocrx_word' id='word_1_154' title='bbox 173 2494 448 2554; x_wconf 68' lang='lat' dir='ltr'>navent,</span> <span class='ocrx_word' id='word_1_155' title='bbox 469 2501 635 2561; x_wconf 83' lang='lat' dir='ltr'>quam</span> <span class='ocrx_word' id='word_1_156' title='bbox 658 2480 699 2545; x_wconf 81' lang='lat' dir='ltr'>fi</span> <span class='ocrx_word' id='word_1_157' title='bbox 716 2482 921 2552; x_wconf 76' lang='lat' dir='ltr'>bellum</span> <span class='ocrx_word' id='word_1_158' title='bbox 951 2502 1049 2563; x_wconf 83' lang='lat' dir='ltr'>per</span> <span class='ocrx_word' id='word_1_159' title='bbox 1072 2484 1214 2541; x_wconf 73' lang='lat' dir='ltr'>acies</span> <span class='ocrx_word' id='word_1_160' title='bbox 1235 2483 1371 2539; x_wconf 54' lang='lat' dir='ltr'>coni</span> 
     </span>
     <span class='ocr_line' id='line_1_29' title="bbox 267 2568 905 2628; baseline -0.002 -2"><span class='ocrx_word' id='word_1_161' title='bbox 267 2568 455 2627; x_wconf 70' lang='lat' dir='ltr'>Tou.</span> <span class='ocrx_word' id='word_1_162' title='bbox 490 2586 514 2628; x_wconf 86' lang='lat'>1</span> <span class='ocrx_word' id='word_1_163' title='bbox 529 2608 546 2626; x_wconf 88' lang='lat'><strong>.</strong></span> <span class='ocrx_word' id='word_1_164' title='bbox 851 2574 905 2625; x_wconf 89' lang='lat' dir='ltr'>G</span> 
     </span>
    </p>
   </div>
  </div>
 </body>
</html>
