1742 3000
434 143 859 186 Αιυηιιυκ
892 143 1026 188 ιιι.
1058 147 1171 191 nr.
1276 131 1396 213 189

187 220 405 284 dietum
422 222 703 305 repudium
719 221 895 283 adhuc
908 222 1174 299 infensus,
1204 244 1398 305 quam-

186 311 288 370 vis
313 305 585 369 infamiae
602 309 829 369 nocenti
861 308 1212 372 miseratione
1239 312 1395 374 addi·

185 394 380 455 derat.
424 392 569 454 haud
594 391 750 454 facile
764 395 890 473 quis
907 395 1203 476 dispexerit
1223 397 1319 460 illa
1331 401 1394 461 in

182 482 525 559 cognitione
542 496 780 542 mentem
795 482 1094 563 Principia
1112 483 1249 545 adeo
1266 506 1392 547 ver·

182 569 266 627 tit
295 588 360 627 ac
385 565 601 626 miscuit
626 568 735 627 irae
756 582 812 625 et
849 565 1171 630 clementiae
1195 568 1391 650 fignag

179 651 520 731 deprecatus
554 652 734 731 primo
758 649 1025 728 senatum,
1053 654 1074 687 ‘
1106 677 1179 716 ne
1196 657 1388 737 majes-

177 738 204 771 ‘
232 739 376 797 tatis
407 739 637 797 crimina
676 742 1093 799 tractarentur?
1132 761 1268 803 mox
1296 749 1383 807 M.

176 823 485 884 Servilium
504 826 536 882 ὲ
554 821 951 899 consularibus,
969 824 1208 907 aliosque
1223 828 1383 891 testes

175 910 396 970 inlexit
425 908 493 971 ad
517 909 868 990 proferenda,
910 932 1052 991 quae
1073 913 1228 975 velut
1252 918 1385 978 reti·

176 1017 316 1057 cere
341 996 623 1069 voluerat;
649 997 904 1076 idemque
922 997 1107 1060 servos
1122 1000 1383 1083 Lepidae,

175 1102 320 1144 cum
347 1081 569 1141 militari
582 1081 822 1142 custodia
837 1086 1190 1162 haberentur,
1206 1087 1382 1149 trans·

178 1166 326 1226 tulit
348 1164 415 1224 ad
437 1163 726 1237 eonsules;
776 1188 956 1245 neque
989 1188 1086 1247 per
1106 1186 1383 1234 tormenta

179 1251 524 1328 interrogari
549 1248 725 1328 passus
741 1248 813 1310 est
829 1252 898 1310 de
913 1253 1020 1327 his,
1040 1274 1178 1333 quae
1196 1257 1264 1317 ad
1280 1257 1384 1319 do·

179 1357 344 1400 mum
372 1335 521 1396 suam
555 1338 918 1415 pertinerent.
978 1342 1182 1401 exemit
1217 1346 1384 1406 etiam

179 1421 435 1486 Drusum
453 1420 734 1495 consulem
762 1421 1098 1503 designatum
1123 1426 1384 1491 dicendae

182 1512 375 1593 primo
396 1508 528 1571 loco
551 1507 887 1584 sententiae}
918 1512 1071 1592 quod
1095 1514 1188 1574 alii
1219 1517 1383 1580 civile

180 1598 486 1671 rebantur-3
523 1596 544 1631 ‘
574 1617 647 1658 ne
684 1600 880 1658 ceteris
913 1598 1253 1663 adsentiendi
1285 1624 1383 1663 ne·

180 1684 208 1718 ‘
234 1681 442 1744 cessitas
474 1681 698 1752 fieretz',
734 1683 958 1763 quidam
993 1685 1060 1750 ad
1102 1685 1382 1751 saevitiam

182 1771 510 1840 trahebant;
550 1768 572 1800 ‘
601 1787 784 1847 neque
811 1771 961 1846 enim
991 1770 1255 1835 cessurum
1281 1773 1383 1840 nifi

103 1868 138 1914 2
146 1870 180 1931 3
202 1856 224 1887 ‘
249 1852 549 1914 damnandi
573 1855 804 1915 officio!
892 1857 1099 1937 Lepida
1121 1858 1382 1924 ludorum

183 1938 407 2013 diebus,
432 1940 530 2018 qui
545 1942 926 2018 cognitionem
941 1944 1381 2025 intervenerant,

186 2028 465 2085 theatrum
483 2045 606 2084 cum
622 2028 784 2086 claris
801 2026 1021 2089 feminis
1037 2031 1286 2111 ingreffa,
1300 2034 1381 2095 la·

188 2113 534 2172 mentatione
557 2110 722 2172 flebili
739 2114 758 2143 ‘
783 2114 1021 2192 majores
1053 2114 1178 2180 suos
1201 2122 1381 2199 ciens,

189 2194 213 2230 ‘
237 2196 521 2278 ipsumque
541 2198 906 2278 Pompejum,'
927 2203 1083 2282 cujus
1099 2225 1161 2265 ea
1175 2227 1379 2268 monu-

192 2300 379 2344 menta
395 2299 455 2343 et
470 2281 739 2345 adstantes
756 2287 1026 2366 imagines
1043 2290 1380 2367 visebantur,

196 2380 408 2429 tanturn
446 2367 845 2433 misericordiae
884 2377 1184 2454 permovit,
1214 2392 1278 2437 ut
1300 2374 1381 2435 ef-

197 2449 297 2516 fufi
332 2455 392 2517 in
422 2454 691 2536 lacrymas
731 2456 750 2493 ‘
786 2453 946 2521 saeva
980 2475 1039 2522 et
1075 2458 1381 2522 detestanda
