1742 3000
459 163 879 203 numinum
924 163 1168 225 minin.
1330 142 1417 220 89

223 245 425 303 cundia
460 246 843 302 venerantium
870 243 1053 302 officia
1095 243 1163 303 ad
1201 243 1413 320 Augus·

221 344 624 403 tutaverant,
648 344 969 409 partemque¹
998 329 1167 407 prolis
1191 329 1415 389 firman-

217 414 326 474 dae
372 417 645 475 amicitiae
675 414 905 478 'miserat
937 438 952 474 ε
1005 415 1148 475 haud
1184 415 1414 495 perinde

214 499 398 560 nostri
416 515 586 574 metu,
614 521 780 580 quam
804 500 927 559 fidei
944 502 1289 580 popularium
1304 499 1413 559 dif-

172 583 371 649 2fisus.
463 586 586 645 Post
608 586 775 645 finem
799 589 1086 645 Phrahatis
1099 603 1156 645 et
1180 584 1412 664 sequen·

213 674 361 729 tium
382 692 591 748 regum,
621 674 701 731 ob
728 675 977 731 internas
1001 672 1219 745 caedes,
1242 691 1411 731 vene·

212 777 282 815 re
303 758 363 816 in
384 759 569 815 urbem
580 758 747 834 legati
761 761 794 815 ὲ
813 760 1149 837 prirnoribus
1176 760 1412 832 Parthis,

212 844 320 921 qui
343 849 650 902 Vononem
677 841 1078 904 vetustissimum
1109 844 1412 905 liberorum

209 929 339 1002 ejus
364 930 628 988 accirent.
669 928 1019 1007 magnificum
1037 930 1096 990 id
1120 929 1215 990 fibi
1231 931 1413 990 credi·

209 1013 301 1073 dit
323 1012 519 1073 Caesar
532 1018 801 1094 auxitque
814 1019 1039 1094 opibus.
1085 1032 1143 1075 et
1156 1036 1413 1097 accepere

209 1098 435 1177 barbari
463 1099 755 1175 laetantes,
768 1118 832 1160 ut
845 1101 1015 1161 ferme
1038 1101 1107 1161 ad
1131 1123 1283 1162 nova
1296 1105 1404 1160 im·

208 1190 387 1264 peria.
435 1207 576 1246 mox
596 1185 739 1246 subit
761 1186 964 1265 pudor,
991 1187 1010 1218 ‘
1034 1185 1412 1264 degeneravis-

206 1271 230 1303 ‘
261 1270 316 1330 se
338 1276 594 1346 Parthos,
610 1273 846 1350 petitum
862 1271 976 1331 alio
989 1292 1058 1330 ex
1074 1275 1210 1332 orbe
1224 1291 1408 1349 regem

204 1355 229 1389 ‘
253 1356 493 1417 hostium
532 1360 742 1417 artibus
771 1357 1062 1418 infectum:
1106 1359 1224 1436 jam
1259 1361 1406 1418 inter

205 1442 228 1485 ‘-
253 1446 573 1523 provincias
591 1450 870 1505 Romanas
893 1443 1088 1506 solium
1114 1442 1403 1507 Arsacida-

203 1529 227 1580 ‘-
252 1550 379 1590 turn
402 1532 610 1604 haberi,
632 1531 879 1609 darique.
931 1536 1022 1591 ubi
1045 1532 1198 1593 illam
1226 1533 1401 1610 giori-

203 1616 228 1649 ‘
251 1636 344 1676 am
360 1616 753 1678 trucidantium
771 1617 1037 1691 Craffum,
1052 1618 1401 1679 exturbanti-

201 1701 225 1735 ‘
249 1723 346 1761 urn
373 1705 686 1763 Antonium
709 1725 728 1776 ς
765 1702 807 1762 fi
835 1706 1175 1783 mancipium
1205 1701 1402 1762 Caesa·

198 1786 224 1821 ‘
245 1790 349 1862 ris,
373 1803 462 1848 tot
483 1808 582 1867 per
613 1808 797 1848 annos
829 1787 1146 1847 servitutem
1185 1786 1400 1867 perpes-

209 1873 228 1910 ‘
250 1872 396 1948 sum,
436 1877 650 1934 Parthis
669 1876 948 1952 imperitet
968 1874 989 1932 ἓ
1011 1876 1026 1900 ’
1065 1872 1401 1933 accendebat

202 1959 566 2037 dedignantes
582 1977 639 2019 et
660 1958 796 2039 ipse,
813 1956 1060 2020 diversus
1077 1962 1108 2018 ὲ
1121 1957 1398 2036 majorum

201 2044 498 2121 institutis,
517 2067 646 2106 raro
670 2060 900 2119 venatu,
939 2043 1093 2122 segni
1115 2064 1392 2124 equorum

201 2151 334 2191 cura
353 2154 372 2202 ς
403 2133 668 2210 quotiens
682 2151 779 2211 per
795 2133 956 2191 urbes
967 2130 1264 2204 incederet,
1281 2130 1395 2191 lec-

200 2218 344 2275 ticae
359 2216 676 2294 gestamine,
698 2215 942 2297 fastuque
957 2237 1085 2292 erga
1104 2221 1312 2296 patrias
1334 2238 1393 2277 e·

203 2302 360 2379 pulas
381 2324 400 2373 ς
426 2302 811 2364 inridebantur
832 2319 890 2361 et
917 2304 1115 2363 Graeci
1136 2305 1394 2377 comita,

200 2406 267 2445 ac
288 2387 534 2449 viliffima
557 2387 864 2449 utenfilium
881 2388 1055 2448 anulo
1075 2386 1276 2447 clausa:
1301 2387 1393 2447 sed

202 2476 447 2554 prompti
467 2473 672 2549 aditus,
702 2475 872 2536 obvia
885 2474 1143 2550 comitas,
1165 2476 1392 2548 ignotae
