1742 3000
413 156 831 198 AnuAmtsm
865 158 1118 199 manv.
1243 141 1366 219 267

182 233 304 313 los,
348 238 759 301 Tacfarinatem
802 260 999 301 omnes
1049 255 1248 302 notum
1285 258 1375 303 tot

155 322 205 384 .‘
234 324 459 401 proeliis
476 325 858 387 consedientur
878 351 898 387 z
951 347 1072 386 non
1108 327 1206 386 nifi
1238 329 1379 389 duce

182 407 204 441 ‘
229 411 541 486 interfectQ
573 417 817 494 requiem
845 413 974 473 belli
998 414 1162 474 fore.'
1206 429 1263 475 at
1281 414 1375 474 ille

183 495 379 556 deletis
418 500 626 568 circum
665 500 1036 579 stipatoribus,
1072 505 1376 580 vinstoque

178 582 299 658 jam
332 583 472 659 filio,
510 585 765 645 eteffufis
805 587 1051 665 undique
1085 589 1379 661 Romanis,

186 669 401 728 ruendo
425 674 488 729 in
510 670 642 746 tela,
667 674 1039 751 captivitatem
1067 672 1210 732 haud
1227 673 1376 732 inul-

103 749 254 814 26ta
288 770 475 814 morte
508 755 722 833 effugit.
807 804 812 809 .
860 756 1020 836 Isque
1057 757 1184 815 finis
1210 761 1377 817 armis

186 839 492 921 impolitus.
511 842 832 902 Dolabellae
842 845 1049 921 petenti
1069 846 1261 902 abnuit
1279 848 1380 904 tri·

185 928 463 1008 umphalia
478 931 761 1003 Tiberium,
786 931 987 1006 sejano
1013 932 1281 1004 tribuenS,
1307 953 1381 991 ne

185 1013 355 1074 Blaefi
387 1017 649 1076 avunculi
686 1019 805 1093 ejus
846 1016 965 1074 laus
1005 1014 1377 1077 obsolesceret.

187 1098 280 1158 sed
296 1120 471 1177 neque
489 1101 705 1159 Blaesus
723 1102 848 1159 ideo
866 1101 1168 1174 inlustrior,
1181 1119 1237 1161 et
1251 1107 1381 1162 huie

191 1199 424 1260 negatus
440 1188 634 1248 ,honor
649 1187 881 1262 gloriam
909 1185 1170 1245 intendit.
1218 1189 1386 1269 quip-

194 1290 266 1350 pe
288 1272 508 1328 minore
536 1272 806 1345 exercitu,
847 1269 1077 1349 infignis
1110 1274 1386 1352 captiv08,

193 1353 419 1416 caedem
443 1355 621 1430 ducis,
662 1358 897 1436 bellique
920 1357 1155 1418 confesti
1179 1359 1384 1421 famam

192 1442 539 1527 deportarat.
601 1441 964 1524 sequebantur
997 1461 1053 1506 et
1076 1452 1384 1508 Garaman-

192 1546 312 1592 tum
336 1532 649 1612 legatiraro
674 1534 733 1592 in
754 1534 889 1592 urbe
912 1531 1033 1607 vili,
1063 1555 1210 1615 quos
1236 1541 1386 1595 Tac-

191 1617 425 1681 farinate
447 1617 622 1696 caeso,
654 1618 897 1702 perculsa
920 1641 1057 1698 gens
1065 1665 1083 1695 ‚
1112 1637 1169 1681 et
1192 1622 1384 1701 culpae

193 1705 393 1780 nescia,
406 1706 474 1766 ad
496 1705 935 1767 satisfaciendum
954 1707 1162 1785 populo
1179 1713 1387 1766 Roma·

194 1811 277 1851 no
292 1791 533 1852 miserat.
577 1793 821 1868 cognitis
853 1791 1056 1852 dehinc
1087 1792 1389 1853 Ptolemaei

197 1896 298 1959 per
312 1877 370 1937 id
384 1876 586 1937 bellum
610 1877 819 1950 studiis,
837 1878 1103 1957 repetitus
1119 1897 1192 1936 ex
1207 1877 1392 1938 vetus-

198 1983 264 2025 to
289 1983 439 2039 mos,
459 1959 747 2042 missusque
766 1982 794 2019 e
811 1961 1155 2023 senatoribus
1173 1967 1270 2043 qui
1287 1962 1390 2025 sci·

195 2054 423 2133 pionem
451 2049 742 2122 eburnam,
772 2064 962 2127 togam
984 2051 1207 2129 pictam,
1240 2054 1388 2111 anti·

195 2158 306 2220 qua
329 2152 551 2218 patrum
581 2155 811 2196 munera
836 2134 1015 2210 daret,
1037 2135 1058 2168 ‘
1093 2157 1391 2220 regemque

195 2227 219 2259 ‘
241 2241 296 2286 et
334 2224 544 2285 socium
579 2238 745 2304 atque
774 2223 1033 2284 amicum’
1064 2224 1385 2304 appellaret.

114 2329 190 2385 27
204 2311 408 2372 Eadem
428 2309 625 2371 aestate
645 2325 795 2371 mota
811 2329 911 2389 per
938 2310 1155 2370 Italiam
1181 2309 1392 2371 servilis

198 2398 327 2457 belli
349 2398 550 2458 semina
573 2396 692 2457 fors
733 2395 1011 2476 oppressit.
1083 2400 1274 2455 aufior
1304 2412 1394 2454 tu·

197 2483 406 2545 multus
443 2488 527 2543 T.
562 2480 830 2627 Curtigtiis
864 2480 1149 2560 quondam
1176 2494 1393 2561 praeto·

832 2587 869 2628 2
