1742 3000
343 101 479 169 266
539 120 602 164 c.
636 118 1028 162 connum!
1061 113 1354 160 τΑοιτι

342 224 460 267 tem
473 204 921 285 expeditionibus
944 203 1257 281 cognitum,
1280 224 1403 264 nou
1419 224 1552 281 gra-

342 297 407 355 vi
437 313 541 353 nec
559 311 677 352 uno
699 287 923 350 incursu
955 287 1383 351 consectandum
1416 290 1553 353 hos·

343 398 460 442 tem
474 398 674 457 vagum
691 401 710 452 3
729 379 920 437 excito
935 397 1062 437 cum
1080 376 1444 458 popularibus
1458 400 1551 438 re-

342 488 411 547 ge
441 466 783 540 Ptolemaeo,
820 480 1091 545 quattuor
1123 465 1340 540 agmina
1360 482 1552 545 parat,

344 574 490 635 quae
502 553 701 632 legatis
717 572 784 612 ac
801 553 1039 612 tribunis
1056 550 1219 611 dataz
1244 566 1302 610 et
1323 552 1553 632 praeda-

344 642 522 701 torias
539 658 738 700 manus
753 638 951 699 deleffi
967 644 1296 698 Maurorum
1312 640 1522 698 duxere
1527 662 1548 713 ς

346 725 464 809 ipse
484 726 777 789 consultor
798 724 990 787 aderat
1012 726 1297 785 omuibus·
1414 730 1539 786 Nec
1558 756 1592 798 2
1606 754 1652 817 ς

345 814 532 876 multo
541 811 663 894 post
677 812 946 889 adfertur,
957 813 977 844 ‘
993 812 1264 873 Numidas
1276 810 1420 892 apud
1437 812 1556 873 cas-

340 902 366 934 ‘
394 899 586 959 tellum
621 896 966 975 semirutum,
1005 901 1077 960 ab
1115 897 1241 980 ipfis
1263 898 1560 979 quondam

343 984 370 1020 ‘
391 984 700 1062 incensum,
738 988 832 1045 cui
868 1006 1081 1045 nomen
1118 994 1330 1060 Auzea,
1353 983 1561 1065 posuis

344 1072 372 1107 ‘
397 1073 700 1154 mapalibus
717 1070 1048 1146 consediffe3
1074 1071 1204 1133 fisos
1230 1073 1383 1147 loco,
1422 1076 1564 1152 quia

349 1160 378 1197 ‘
401 1159 572 1223 vastis
616 1161 827 1223 circum
874 1158 1099 1219 saltibus
1141 1158 1525 1220 claudebatur.
1543 1163 1561 1187 ’

349 1263 473 1308 tum
490 1247 778 1328 expeditae
791 1250 1051 1307 cobortes
1062 1246 1480 1326 alaeque‚quam
1497 1248 1565 1306 in

352 1349 570 1413 partem
603 1333 940 1394 ducerentur
959 1334 1205 1411 ignarae,
1238 1335 1356 1393 cito
1385 1336 1567 1411 agmi-

350 1440 429 1479 ne
445 1421 764 1501 rapiuntur.
811 1419 1080 1501 fimulque
1098 1434 1331 1502 coeptus
1352 1420 1498 1496 dies,
1508 1436 1571 1479 et

350 1521 637 1567 concentu
659 1507 940 1581 tubarum,
965 1528 1030 1567 ae
1044 1511 1189 1568 truci
1204 1508 1449 1568 clamore
1466 1508 1571 1567 ad·

354 1607 522 1654 eraut
545 1590 904 1653 semisomnos
926 1597 988 1652 in
1005 1595 1303 1655 barbaros:
1332 1615 1572 1675 praepe-

358 1679 500 1742 ditis
543 1678 915 1741 Numidarum
950 1685 1132 1762 equis,
1176 1697 1275 1741 aut
1311 1680 1569 1742 diversos

514 1787 542 1828 s
566 1767 1002 1850 pererrantibus.
1045 1769 1115 1827 ab
1131 1770 1402 1833 Romanis
1419 1788 1567 1828 cou-

357 1853 536 1916 fertus
568 1851 778 1935 pedes}
796 1851 1084 1932 dispofitae
1111 1869 1346 1930 turmae,
1386 1874 1565 1914 cunc·

357 1955 419 2001 ta
442 1942 657 2023 proelio
680 1939 924 2024 provisat
954 1938 1196 2002 hostibus
1221 1954 1419 2002 con‘tra
1436 1959 1571 1999 om-

360 2030 524 2087 nium
541 2027 761 2102 nesciis,
783 2049 905 2088 non
922 2049 1097 2106 arma,
1117 2049 1242 2090 nou
1262 2027 1425 2101 orde,
1438 2046 1579 2086 non

360 2111 670 2173 confilium:
683 2113 776 2175 sed
792 2136 1052 2195 pecorum
1068 2115 1267 2191 modo,
1283 2114 1455 2192 trahi,
1470 2133 1589 2174 oc-

361 2198 497 2274 eidi,
517 2202 663 2281 capi.
730 2201 981 2263 infensus
1005 2203 1164 2263 miles
1191 2201 1463 2263 memoria
1491 2201 1591 2261 la-

360 2285 592 2360 borum,
632 2299 693 2344 et
717 2286 1007 2348 adversum
1031 2289 1319 2351 eludentes
1344 2303 1598 2367 optatae

364 2373 539 2431 toties
563 2391 795 2452 pugnae,
822 2372 877 2433 se
892 2373 1121 2455 quisque
1134 2376 1353 2436 ultione
1374 2389 1433 2433 et
1450 2373 1601 2437 san·

359 2458 531 2537 guine
548 2456 877 2545 explebauug
922 2458 1178 2524 differtur
1197 2482 1299 2545 per
1311 2464 1597 2546 manipu-
