1742 3000
294 148 421 214 228
485 165 547 211 c.
583 162 977 210 continu
1012 160 1307 206 raet-rr

292 249 533 308 virtutes
545 244 994 325 fileantur‚utque
1009 245 1195 325 pravis
1208 241 1368 302 dietis
1380 239 1494 303 fac-

290 332 470 414 tisque
505 354 577 394 ex
611 331 924 413 posteritate
944 346 1003 390 et
1055 328 1283 390 infamia
1312 342 1495 389 metue

291 417 381 480 fit.
426 433 663 479 ceterum
683 434 934 498 tempora
950 415 1045 476 illa
1063 415 1202 475 adeo
1219 413 1422 474 infecta
1438 429 1499 474 et

295 504 617 565 adulatione
633 504 851 565 sordida
876 503 1050 577 fuere,
1089 518 1151 562 ut
1178 523 1298 562 non
1323 500 1500 560 modo

295 593 568 674 primores
591 592 858 665 civitatis,
883 592 1082 668 quibus
1105 586 1379 649 claritudo
1401 585 1498 647 sua

299 676 577 757 obsequiis
616 677 953 757 protegenda
987 690 1138 747 erat3
1181 674 1269 734 sed
1302 692 1497 732 omnes

301 762 640 838 consulares,
653 784 851 842 magna
867 783 994 843 pars
1012 781 1208 821 eorum
1227 763 1323 841 qui
1340 778 1499 838 prae·

303 864 431 911 tura
460 851 654 926 functi,
690 850 962 929 multique
998 851 1164 908 etiam
1187 847 1394 928 pedarii
1418 843 1501 904 se-

302 951 529 997 natores
565 939 815 996 certatim
860 934 1217 1013 exsurgerent
1234 976 1253 1008 ,
1305 930 1504 990 foeda·

303 1038 492 1102 queret
513 1024 684 1082 nimia
708 1020 1017 1082 censerent.
1044 1021 1336 1082 memoriae
1359 1037 1501 1097 pro·

303 1108 477 1187 ditur,
505 1111 831 1186 Tiberium,
864 1109 1133 1188 quotiens
1169 1109 1315 1166 curia
1341 1123 1503 1181 egre-

307 1195 568 1272 deretur,
612 1198 838 1255 Graecis
883 1196 1066 1255 verbis
1094 1194 1154 1253 in
1193 1197 1342 1254 hune
1379 1210 1505 1250 mo-

307 1281 442 1341 dum
459 1284 647 1363 eloqui
671 1281 915 1353 solitum,
930 1281 951 1312 ‘
971 1281 1012 1339 ὀ
1034 1281 1287 1340 homines
1313 1276 1380 1337 ad
1399 1275 1506 1335 ser-

308 1368 332 1402 ‘
361 1370 595 1428 vitutem
614 1371 886 1448 paratos?
917 1365 1122 1428 scilicet
1149 1368 1307 1426 etiam
1327 1362 1509 1438 illum,

308 1455 407 1535 qui
421 1454 723 1514 libertatem
743 1453 1019 1533 publicam
1040 1453 1357 1526 nollet‚tam
1377 1470 1506 1530 pro·

299 1540 478 1620 jectae
509 1537 860 1599 servientium
894 1540 1188 1617 patientiae
1219 1539 1496 1597 taedebat.

307 1626 571 1689 Paulatim
590 1623 810 1700 dehinc,
831 1625 901 1684 ab
924 1622 1200 1683 indecoris
1218 1623 1287 1683 ad
1301 1621 1495 1683 infesta
1511 1622 1546 1683 6
1559 1618 1592 1681 6

307 1710 866 1791 transgrediebantur.
906 1715 977 1772 C.
994 1711 1239 1771 Silanum
1258 1729 1508 1790 procon-

307 1797 426 1861 sule
451 1798 606 1861 Afiae
624 1797 1048 1882 repetundarum
1079 1801 1111 1856 “a
1134 1795 1294 1858 sociis
1318 1794 1511 1877 postu-

308 1885 507 1963 latum,
533 1893 844 1948 Mamercus
879 1894 1113 1948 Scaurus
1136 1888 1168 1943 ὲ
1187 1882 1510 1944 Consulari-

309 1975 453 2050 bua,
497 1975 700 2052 Junius
739 1976 894 2035 Otho
932 1987 1184 2054 praetor,
1223 1970 1508 2032 Brutidiua

309 2061 485 2137 Niger
506 2060 719 2134 aedilis,
750 2058 904 2121 fimul
928 2059 1232 2138 corripiunt
1244 2066 1273 2126 ’ς
1318 2055 1510 2131 objec-

309 2145 576 2225 tantque‘
595 2145 864 2206 violatum
880 2143 1110 2224 Augusti
1127 2164 1331 2204 numen
1337 2140 1511 2221 ‚spre-

313 2231 463 2292 ‘tam
497 2231 710 2292 Tiberii
744 2230 1099 2309 majestatem.
1121 2233 1137 2258 '
1196 2237 1513 2291 Mamercus

311 2319 543 2396 antiqua
574 2314 825 2395 exempla
850 2317 1089 2394 jaciens,
1121 2316 1142 2350 ‘
1186 2323 1256 2376 L.
1279 2320 1515 2374 Cottam

241 2474 242 2477 Ἴ
316 2402 339 2434 ‘
365 2425 399 2462 a
422 2404 675 2484 Scipione
705 2400 999 2478 Africano,
1046 2409 1163 2462 Ser.
1203 2400 1431 2460 Galbam
1474 2402 1513 2456 a

311 2487 334 2524 ‘
363 2496 580 2552 Catone
594 2487 1200 2570 censorio,P.Rutilium
1212 2490 1242 2547 *a
1254 2492 1516 2551 M.Scaue

1698 637 1731 920 ..n-u*
