1742 3000
356 167 472 249 198
557 188 616 229 e.
654 187 1037 228 conusstn
1075 186 1366 227 'rAcrrt

344 283 523 326 aetate
568 268 874 325 uberrimus
914 280 1051 332 erat.
1111 264 1254 323 idem
1288 264 1539 327 Corbulo

345 353 367 385 ‘
400 352 629 432 plurima
669 372 763 431 per
808 353 1023 410 Italiam
1070 351 1295 425 itinera,
1348 350 1543 412 fraude

341 438 374 489 ‘-
390 441 703 517 mancipum
719 454 773 496 et
785 440 1002 496 incuria
1015 435 1422 515 magistratuum
1446 440 1539 498 in-

345 524 366 558 ‘
399 540 642 604 tert-upta
667 541 722 583 et
745 524 1029 603 impervia’
1053 524 1409 598 clamitando,
1437 545 1538 583 ex-

347 608 680 670 secutionem
698 611 817 688 ejus
843 613 1051 686 negotii
1075 609 1252 668 libens
1277 609 1536 690 suscepit:

345 697 496 775 quod
511 696 655 755 haud
675 695 899 776 perinde
917 696 1131 774 publice
1145 695 1539 770 usuihabitum,
1598 705 1605 710 “

346 803 515 862 quam
533 781 823 842 exitiosum
851 781 1065 857 multis,
1089 802 1324 861 quorum
1355 784 1414 839 in
1440 802 1536 861 pe·

343 871 566 929 cuniam
594 884 757 947 atque
778 869 976 930 famam
998 868 1446 928 damnationibus
1477 883 1538 927 et

343 953 490 1021 hasta
514 952 798 1015 saeviebat.
874 963 1072 1033 Neque
1087 953 1262 1013 multo
1277 951 1395 1033 post
1406 952 1534 1014 mis·
1546 974 1578 1034 3
1593 976 1636 1021 2

344 1038 413 1101 fis
435 1041 503 1100 ad
523 1039 765 1101 senatum
785 1040 985 1102 litteris
999 1041 1260 1101 Tiberius
1285 1041 1304 1072 ‘
1329 1056 1539 1100 motam

345 1126 367 1160 ‘
398 1126 609 1188 rursum
637 1126 880 1187 Africam
898 1124 1119 1188 incursu
1142 1126 1540 1187 Tacfarinatis'

348 1212 565 1286 docuit;
592 1214 943 1295 ‘judicioque
959 1230 1174 1294 patrum
1191 1213 1540 1290 defigendum

348 1302 368 1330 ‘
393 1300 743 1379 proconsule,
767 1321 1001 1377 gnarum
1027 1300 1276 1374 militiae,
1303 1319 1542 1379 corpore

349 1385 369 1416 ⁶
395 1385 661 1458 validum,
699 1401 754 1444 et
780 1387 927 1446 bello
949 1384 1290 1446 suffefturmn
1307 1409 1326 1459 ;
1344 1389 1358 1412 '
1384 1386 1540 1463 quod

344 1472 567 1531 initium
595 1477 718 1530 Sex.
753 1472 1051 1550 Pompejus
1077 1473 1321 1548 agitandi
1346 1471 1539 1532 adver-

342 1553 432 1617 sus
458 1562 541 1616 M.
559 1556 828 1632 Lepidum
845 1558 962 1617 odii
991 1561 1208 1631 meme,
1236 1560 1254 1589 ‘
1276 1558 1539 1619 tit-socor—

344 1641 367 1675 ‘
396 1642 543 1716 dem,
567 1645 815 1730 inopem,
843 1659 902 1702 et
914 1644 1218 1721 majoribus
1244 1641 1351 1705 suis
1374 1645 1538 1704 dede-

344 1727 367 1761 ‘
397 1749 613 1805 corum,
636 1750 813 1809 eoque
836 1732 1002 1791 etiam
1025 1727 1181 1790 Afiae
1195 1728 1338 1807 sorte
1354 1730 1540 1811 depel-

338 1813 362 1848 ‘
392 1815 669 1890 lendum,'
695 1815 974 1883 ,incusavit
992 1840 1010 1890 3
1056 1815 1292 1881 adverso
1323 1816 1538 1893 senatu,

343 1904 443 1981 qui
480 1903 499 1934 ‘
534 1903 802 1983 Lepidum
839 1906 1028 1963 mitem
1052 1906 1227 1980 magis
1251 1924 1413 1983 quam
1448 1905 1536 1979 ig-

346 1989 365 2018 ‘
394 2009 597 2049 navum
619 2011 635 2060 ;
665 2005 921 2069 paternas
938 1993 984 2050 ei
1004 1989 1275 2067 angustias
1298 1991 1537 2051 et‘nobi·

341 2071 364 2104 ⁴
382 2073 589 2133 litatem
603 2073 715 2136 fine
728 2079 938 2156 probro
955 2077 1348 2149 astam,honori
1364 2092 1535 2153 quam

341 2158 362 2191 ‘
387 2160 728 2235 ignominiae
753 2163 1078 2222 habendam’
1103 2162 1350 2221 ducebat.
1415 2161 1528 2237 Igi·
1543 2185 1627 2247 33

340 2258 432 2303 tur
465 2242 647 2302 miffus
673 2247 732 2304 in
758 2245 960 2307 Afiam.
1007 2262 1064 2306 et
1086 2247 1105 2278 ‘
1129 2246 1196 2306 de
1220 2245 1405 2305 Affica
1432 2247 1530 2306 de·
1722 2242 1723 2295 ἦ

338 2328 361 2360 ‘
391 2344 594 2388 cretum
612 2345 674 2388 nt
700 2330 893 2391 Caesar
916 2333 1138 2409 legeret,
1155 2333 1243 2392 cui
1259 2332 1532 2393 ma‘ndan-
1718 2340 1721 2413 4

336 2413 359 2446 ⁴
383 2414 455 2473 da
475 2414 662 2474 foset!
702 2417 847 2473 inter
871 2437 1013 2496 quae
1035 2425 1263 2478 Severus
1288 2424 1532 2481 Caecina
1718 2422 1719 2431 ³

332 2496 538 2561 censuit
544 2522 564 2574 3
589 2503 689 2560 ‘ne
705 2520 865 2580 quem
883 2502 1276 2581 magistratum,
1290 2508 1376 2569 cui
1395 2528 1528 2589 pro·
