1742 3000
430 173 1016 215 numantinum
1043 174 1136 216 xv.
1257 167 1387 234 243
1439 163 1489 228 ,’

210 277 282 318 re.
329 256 549 315 initium
572 272 629 315 et
651 254 831 315 cauffa
857 276 1028 337 penes
1054 254 1271 315 Aelium
1302 262 1394 313 Se·
1496 296 1501 300 -

202 345 418 424 janum,
460 346 782 403 cohortibus
818 343 1112 423 praetoriis
1149 340 1394 422 praefec-

210 447 344 505 tum,
360 432 518 509 cujus
535 430 603 489 de
619 434 869 510 potentia
887 429 1043 510 supra
1057 429 1387 489 memoravit

208 538 354 579 nunc
377 519 675 595 originem,
703 537 910 590 moreS,
935 533 990 576 et
1007 537 1121 596 quo
1145 515 1392 577 facinore

206 604 639 664 dominationem
663 621 881 684 raptum
905 606 1051 677 ierit,
1081 603 1390 683 expediam.

205 694 422 768 genitus
453 689 748 766 vulfiniis,
775 706 930 769 patre
957 691 1084 766 Sejo
1119 692 1391 750 Strabone

205 779 386 857 equite
425 783 710 852 Romano,
757 793 814 835 et
841 780 1016 857 prima
1045 777 1283 852 juventa
1319 780 1392 836 C.

207 861 482 923 Caesarem
509 862 624 923 divi
658 862 887 942 Augusti
927 880 1188 942 nepotem
1227 860 1397 922 scesta-

204 965 318 1027 ωε,
357 971 475 1012 non
516 948 629 1010 fine
667 971 887 1011 rumore
923 952 1121 1029 Apicio
1153 950 1313 1010 diviti
1342 964 1398 1009 et

203 1038 438 1118 prodigo
460 1036 697 1117 stuprum
717 1057 865 1098 veno
884 1035 1079 1096 dedissie
1101 1059 1116 1095 ε
1137 1056 1275 1096 mox
1288 1038 1396 1095 Ti·

204 1126 417 1185 betium
441 1127 608 1181 variis
632 1123 841 1181 artibus
869 1123 1122 1180 devinxit
1147 1121 1305 1194 adeo,
1334 1136 1398 1181 ut

205 1206 496 1271 obscurum
526 1206 812 1268 adversum
845 1208 1013 1281 alios,
1055 1204 1147 1266 fibi
1187 1209 1286 1266 uni
1310 1208 1398 1266 in·

205 1308 429 1356 cnutum
454 1294 831 1373 intessumque
854 1293 1119 1355 efficeret:
1149 1313 1264 1353 non
1286 1308 1401 1356 tam
1480 1286 1488 1292 ⁰
1562 1349 1571 1360 .

207 1380 474 1457 sollertia,
510 1381 744 1461 (quippe
768 1380 953 1441 iisdem
989 1383 1198 1441 artibus
1221 1381 1398 1442 vietus

201 1467 310 1545 est)
333 1488 497 1550 quam
523 1469 703 1530 Destm
737 1470 817 1529 ira
844 1470 903 1530 in
931 1487 1044 1529 rem
1070 1476 1399 1546 Romanam,

201 1557 365 1637 cujus
388 1558 500 1637 pari
517 1559 690 1619 exitio
707 1558 1233 1637 viguit,ceciditque.
1270 1579 1399 1620 cor·

203 1665 310 1725 pus
334 1644 411 1715 illi
439 1645 693 1705 laborum
733 1645 1010 1717 tolet-ann
1057 1649 1276 1704 animus
1299 1665 1400 1703 au·

203 1730 340 1804 dax,
403 1729 483 1790 sui
507 1734 813 1809 obtegen33
865 1733 926 1789 in
963 1729 1100 1788 alios
1144 1733 1400 1790 crimina·

205 1831 342 1889 τοῖς
379 1818 540 1893 juxta
562 1817 807 1876 adulatio
829 1831 886 1874 et
909 1813 1187 1895 superbia;
1224 1817 1403 1894 palam

205 1900 550 1980 compositus
587 1902 769 1983 pudor
789 1924 809 1975 3
842 1902 998 1961 intus
1023 1900 1227 1962 summa
1263 1901 1403 1984 apis·

204 1989 373 2049 cendi
390 1987 584 2065 libido,
607 1989 829 2068 ejusque
852 1986 1029 2048 cauffa
1045 1989 1215 2050 modo
1239 1990 1410 2068 largi·

203 2074 375 2163 tio‘et
412 2075 602 2151 luxua,
643 2074 853 2156 saepius
881 2073 1144 2135 industria
1168 2099 1230 2138 ac
1261 2081 1406 2156 vigi-

200 2163 405 2240 lantia,
422 2163 565 2224 haud
583 2164 770 2225 minus
786 2165 1015 2238 noxiae,
1032 2168 1290 2242 quotiens
1307 2184 1404 2246 pa·-

139 2271 175 2314 2
202 2252 387 2313 tando
406 2270 583 2330 regno
599 2250 909 2330 finguntur.
1009 2255 1142 2312 Vim
1162 2253 1406 2332 praefec-

202 2350 366 2398 turae
379 2341 654 2401 modicam
678 2354 844 2400 πιπτει
861 2337 1125 2409 intendit,
1148 2337 1406 2417 dispersas

200 2440 310 2502 pet·
327 2429 513 2485 urbem
531 2431 790 2486 cohortes
808 2444 921 2484 nna
934 2427 993 2484 in
1012 2421 1180 2484 castra
1192 2423 1409 2482 condu-

199 2511 393 2574 cendo
414 2533 434 2586 ς
460 2526 530 2573 οι
546 2509 701 2575 fimul
715 2513 942 2591 imperia
956 2512 1286 2592 acciperent,
1302 2528 1408 2570 nu·

737 2604 786 2658 L
837 2616 871 2659 2
