1742 3000
373 137 491 202 192
559 134 1037 197 &ponant
1072 132 1363 177 τΑοιτι

361 234 494 279 tate.
540 232 780 277 ceterum
802 211 1105 274 multitudo
1121 208 1548 290 periclitantium

359 302 640 383 gliscebat,
662 321 786 360 cum
809 300 999 359 omnis
1021 297 1220 358 domus
1245 294 1550 357 delatorum

361 388 910 467 interpretationibus
927 382 1325 445 subverteretur
1337 404 1361 442 ε’
1380 398 1553 462 utque

360 477 589 535 antehae
617 473 863 551 flagitiis,
892 474 970 530 ita
994 484 1131 530 tunc
1159 468 1371 546 legibus
1398 468 1554 531 labo«.-

358 562 597 621 rabatur.
646 579 711 618 ea
730 576 817 616 res
833 555 1094 618 admonet
1110 570 1171 614 ut
1185 553 1254 614 de
1269 556 1553 636 principiis

352 647 523 726 juris,
537 661 595 705 et
617 646 819 724 quibus
844 642 1028 703 modia
1050 641 1121 703 ad
1144 644 1287 700 hauc
1305 641 1551 702 multitu·

358 732 547 793 dinem
585 730 857 791 infinitam
901 750 966 789 ac
1005 729 1326 789 varietatem
1374 728 1551 806 legum

376 833 700 898 perventum
724 814 811 889 fit,
833 815 998 875 altius
1021 813 1292 875 differam.
1354 812 1637 891 Vetus-25

359 904 540 964 tissimi
571 902 906 975 mortalium,
937 900 1092 959 nulla
1125 900 1301 961 adhuc
1323 902 1464 962 mala
1486 900 1555 963 li·

362 989 571 1061 hidiae,
596 987 706 1048 fine
729 989 962 1064 probro,
995 984 1211 1059 scelere,
1233 1007 1413 1067 eoque
1445 985 1557 1049 sme

363 1096 547 1156 poena
570 1090 668 1136 aut
695 1074 1128 1136 coercitionibus
1145 1075 1376 1150 agebant
1396 1097 1414 1133 z
1458 1095 1557 1135 ne-

362 1180 475 1240 que
497 1162 747 1243 praemiis
761 1180 907 1241 opus
929 1174 1066 1232 erat,
1086 1178 1215 1220 cum
1229 1157 1451 1220 honesta
1468 1158 1557 1220 su·

366 1265 501 1329 opte
530 1248 761 1325 ingenio
802 1260 1161 1325 peteremus-3
1201 1260 1258 1306 et
1288 1247 1382 1305 ubi
1411 1247 1554 1307 nihil

367 1349 569 1395 contra
592 1352 804 1392 morem
828 1329 1117 1412 cuperent,
1145 1330 1284 1390 nihii
1313 1352 1412 1411 pet
1435 1352 1554 1392 me-

369 1435 487 1478 tum
511 1417 856 1505 jactabantur.
904 1433 965 1475 at
994 1415 1279 1494 postquam
1308 1418 1437 1477 exui
1463 1437 1555 1496 ae·

367 1503 625 1582 qualitas,
650 1517 706 1560 et
722 1522 826 1581 pro
841 1501 1100 1561 modestia
1122 1522 1186 1562 ac
1207 1503 1418 1583 pudore
1438 1526 1569 1566 am-·

366 1590 508 1649 bitio
530 1603 587 1647 et
605 1589 693 1647 vis
708 1587 1015 1660 incedebat,
1049 1608 1356 1668 provenere
1376 1589 1558 1652 domi-

366 1677 656 1746 nationes3
692 1672 1004 1753 multosque
1028 1676 1171 1755 apud
1194 1676 1436 1756 populos
1468 1698 1571 1738 aee

368 1778 590 1838 ternum
631 1757 897 1820 mansere.
969 1760 1193 1840 quidam
1224 1760 1427 1838 statim,
1462 1777 1565 1823 aut

368 1847 654 1929 postquam
688 1853 901 1925 Regum
922 1844 1247 1924 pertaesum,
1272 1847 1418 1925 leges
1440 1869 1561 1909 ma·

365 1935 589 1995 luerint.
671 1937 773 1993 hae
809 1936 991 2013 primo
1015 1934 1237 1993 rudibus
1267 1936 1567 1996 hominurn

368 2022 570 2080 animis
593 2018 855 2097 {implices
885 2035 1071 2079 erantz
1111 2021 1456 2100 maximeque
1477 2019 1565 2080 fa·

367 2125 459 2165 ma
479 2105 776 2164 celebravit
792 2103 1153 2181 Cretenfium,
1180 2125 1318 2184 quas
1336 2108 1563 2180 Minosg

365 2199 785 2269 Spartanorum,
808 2207 946 2268 quas
972 2196 1293 2268 Lycurgus;
1333 2211 1568 2254 acvmox

368 2271 791 2333 Atheniensibus
806 2272 1284 2353 quaefitioresjam
1301 2292 1358 2336 et
1373 2279 1568 2357 plures

364 2360 537 2418 Solon
559 2356 880 2438 perscripfit.
935 2363 1099 2421 nobit
1122 2362 1390 2421 Romulus
1408 2379 1474 2422 ut
1492 2363 1571 2423 li-

366 2446 544 2509 bitum
564 2445 1009 2523 imperitaverate
1054 2445 1184 2508 dein
1217 2452 1402 2518 Numa
1427 2449 1568 2511 reli-

1715 185 1718 262 ί
