1742 3000
441 174 860 219 Anxanum
888 174 1024 236 με.
1062 174 1169 214 111.
1278 170 1399 219 201

219 258 248 294 ‘
273 260 389 340 pias
412 258 579 337 leges,
612 257 685 318 fic
717 258 1057 338 temporibus
1083 254 1407 332 reipublicae

221 347 243 380 ‘
268 344 700 425 postulantibus:
728 342 999 405 remissum
1025 340 1233 422 aliquid
1257 341 1406 421 post-

223 433 245 465 ‘
269 451 353 507 ea,
363 448 420 490 et
432 434 763 509 mitigatum,
774 432 906 509 quia
919 429 1241 509 expedierit.
1264 426 1405 489 frus·

218 518 241 551 ‘
267 533 354 577 tra
378 516 616 577 nostram
639 519 914 596 ignaviam
935 516 1039 576 alia
1066 515 1133 576 ad
1158 516 1405 575 vocabu-

135 607 144 620 *
216 602 243 637 ‘
264 605 317 663 la
348 603 666 663 transfer-tiz
699 623 828 662 nam
850 605 957 662 viri
981 605 1042 661 in
1065 621 1134 662 eo
1156 601 1401 682 culpam,

215 689 242 724 ‘
263 689 303 749 fi
319 688 521 749 femina
536 688 762 749 modum
776 688 1006 749 excedat
1019 710 1038 760 3
1057 708 1227 768 porro
1250 690 1324 747 ob
1339 709 1401 748 u·

218 776 242 810 ‘
265 778 394 835 nius
419 790 515 834 aut
527 775 753 835 alterius
782 774 1111 834 imbecillum
1132 775 1402 852 animum,

220 862 244 896 ‘
265 860 406 921 male
431 862 565 942 eripi
595 863 806 921 maritis
823 859 1103 921 consortia
1118 880 1297 919 rerum
1322 859 1402 919 se·

216 948 240 983 ‘
268 947 565 1008 cundarum
598 946 1073 1026 adversarumque.
1134 945 1287 1021 fimul
1322 945 1402 1006 se-

218 1037 241 1070 ‘
260 1056 393 1094 xum
413 1050 609 1094 natura
625 1035 929 1095 invalidum
947 1036 1137 1106 deseri,
1159 1049 1214 1091 et
1228 1053 1405 1112 expo-

215 1122 236 1154 ‘
267 1123 326 1178 ni
358 1119 455 1178 suo
477 1121 635 1191 luxu,
663 1120 1011 1198 cupidinibus
1045 1120 1277 1188 alieni83
1302 1121 1411 1178 vix

220 1207 243 1240 ‘
269 1203 543 1283 praesenti
559 1203 798 1263 custodia
813 1224 1037 1264 manere
1052 1201 1249 1261 inlaesa
1267 1223 1422 1261 con-2

214 1292 237 1325 ‘
258 1292 446 1367 jugia:
468 1290 601 1370 quid
619 1289 759 1364 fore,
783 1288 819 1349 fi
838 1309 935 1367 per
952 1291 1134 1369 plures
1150 1309 1326 1348 annos
1344 1292 1405 1349 in

220 1378 241 1410 ⁴
270 1376 497 1435 modum
523 1374 728 1435 discidii
760 1375 1181 1436 oblitterentur?
1206 1374 1276 1435 fic
1301 1378 1404 1436 ob·

218 1462 239 1494 ⁴
268 1464 413 1523 viam
440 1466 585 1523 irent
607 1465 676 1523 iis
701 1483 839 1543 quae
868 1463 994 1523 alibi
1026 1479 1403 1545 peccarentur,

218 1550 241 1583 ‘
266 1568 329 1609 ut
343 1552 673 1629 flagitiorum
687 1554 838 1611 urbis
854 1552 1263 1612 meminissent.’
1301 1551 1403 1610 ad-

214 1636 354 1697 didit
378 1658 550 1717 pauca
563 1637 776 1697 Drusus
804 1638 873 1698 de
903 1641 1260 1698 matrimonio
1277 1635 1397 1708 su03

218 1723 239 1756 ‘
270 1744 397 1782 nam
420 1727 759 1803 prinpribus
776 1724 1026 1782 adeunda
1048 1723 1257 1803 saepius
1277 1723 1407 1781 lon·

214 1807 236 1840 ‘
267 1811 474 1886 ginqua
491 1811 722 1887 imperii.
786 1810 1049 1886 quotiens
1073 1809 1261 1867 divum
1289 1814 1405 1867 Au·

216 1893 238 1926 ‘
264 1892 474 1969 gustum
511 1895 571 1952 in
608 1894 964 1953 Occidentem
998 1908 1165 1972 atque
1199 1895 1399 1953 Orien·

216 1979 238 2012 ‘
270 1995 379 2037 tem
397 1977 647 2038 meaviffe
668 1981 873 2038 comite
898 1981 1085 2037 Livia?
1113 1978 1165 2038 se
1181 1999 1405 2059 quoque

216 2066 239 2099 ‘
269 2067 327 2124 in
351 2064 629 2143 Illyricum
656 2063 960 2144 profectum
975 2087 994 2137 ;
1033 2081 1088 2125 ct
1108 2064 1147 2125 fi
1170 2068 1249 2125 ita
1264 2087 1403 2126 con·

215 2152 237 2184 ‘
262 2153 449 2224 ducat,
491 2152 623 2211 alias
648 2151 714 2212 ad
751 2165 940 2229 gentes
980 2154 1203 2225 iturum,
1256 2154 1409 2215 haud

218 2238 238 2270 ‘
269 2237 472 2318 semper
494 2260 669 2319 aequo
687 2241 896 2312 animo,
911 2237 952 2298 fi
968 2242 1040 2299 ab
1054 2261 1227 2299 uxore
1242 2239 1400 2302 caris·

218 2324 238 2356 ‘
264 2324 411 2396 (ima,
434 2343 488 2385 et
506 2341 593 2385 tot
608 2328 1294 2386 communiumliberorum
1313 2340 1425 2404 pa-·
1498 2372 1511 2379 .

135 2413 211 2477 35
232 2410 247 2440 ‘
282 2427 436 2469 rente
474 2411 840 2487 divelleretur.
863 2417 880 2439 ’
1014 2416 1099 2471 Sic
1137 2414 1408 2470 Caecinae

218 2493 489 2558 sententia
509 2497 675 2560 elusa.
721 2515 780 2559 et
794 2500 1038 2578 proximi
1061 2497 1277 2559 senatus
1293 2495 1410 2571 die,

767 2591 881 2659 15
