1742 3000
318 118 439 182 126
503 139 562 179 c.
599 137 976 179 εοικειιι
1014 135 1299 179 vieni

280 215 489 297 ⁸lanum
523 235 619 295 per
644 214 981 275 adfinitatem
1008 232 1328 277 connexum
1352 216 1493 271 Ger·

307 302 552 374 munim,
580 303 711 379 quia
738 301 905 361 Silani
929 299 1041 361 filia
1075 300 1287 359 Neroni
1314 295 1493 357 vetus-

310 387 506 447 tiffimo
529 387 827 449 liberorum
850 386 971 462 ejus
989 391 1145 466 pacta
1167 399 1315 444 erat:
1336 404 1494 464 prae-

305 472 618 552 feceratque
658 481 766 533 Cn.
808 471 1058 533 Pisonem
1096 473 1323 550 ingenio
1367 472 1492 529 vio·

307 559 547 635 lentum,
576 575 633 618 et
662 559 910 639 obsequii
934 561 1208 636 ignarum,
1243 555 1402 616 infita
1415 555 1496 616 fe·

307 647 461 706 rocia
478 647 511 704 ὲ
528 661 681 723 patre
708 645 927 720 Pisone,
956 647 1054 724 qui
1069 645 1221 704 civili
1238 642 1383 703 bello
1406 661 1493 701 re·

306 729 588 810 surgentes
610 734 669 792 in
695 732 881 793 Africa
895 747 1073 811 partes
1094 731 1363 790 acerrimo
1389 730 1495 788 mi·
1537 752 1563 775 ο

308 817 533 880 nisterio
553 816 812 879 adversus
843 815 1129 877 Caesarem
1149 816 1332 894 juvit:
1359 833 1497 875 mox

306 910 539 966 Brutum
553 919 608 964 et
632 905 864 965 Cassium
888 902 1126 977 secutus,
1141 899 1391 963 concess'o
1408 920 1495 960 re·

307 991 449 1063 ditu,
489 993 757 1070 petitione
773 993 1056 1051 honorum
1072 987 1354 1063 abstinuit,
1392 985 1498 1047 do·

311 1098 414 1136 nee
437 1077 584 1137 ultro
607 1079 904 1139 ambiretur
927 1076 1169 1137 delatum
1191 1077 1260 1135 ab
1285 1071 1503 1151 Augus·

312 1178 374 1227 to
392 1163 732 1225 consulatum
756 1165 1018 1242 accipere.
1064 1159 1155 1221 sed
1168 1176 1383 1241 praeter
1400 1179 1498 1239 pa·

314 1265 504 1311 ternos
530 1247 775 1331 spiritus,
802 1251 998 1311 uxoris
1031 1267 1256 1327 quoque
1283 1245 1499 1305 Planci·

312 1355 420 1397 nae
440 1335 732 1397 nobilitate
753 1352 808 1396 et
838 1338 1040 1415 opibus
1060 1332 1455 1393 accendebatur
1474 1353 1494 1403 ς

312 1422 412 1481 vix
435 1422 663 1481 Tiberio
687 1422 1022 1495 concedere;
1061 1418 1265 1481 liberos
1288 1418 1407 1496 ejus
1434 1432 1500 1477 ut

309 1506 545 1568 multum
580 1506 723 1567 infra
748 1507 1053 1588 despectare
1073 1528 1092 1566 z
1133 1527 1239 1567 nec
1270 1505 1498 1566 dubium

311 1594 567 1667 habebat,
591 1591 642 1652 se
665 1592 956 1666 delectum,
984 1595 1080 1673 qui
1106 1594 1289 1671 Syriae
1317 1594 1496 1671 impo-

310 1695 501 1739 neretu
509 1700 555 1754 r,
582 1678 648 1740 ad
666 1677 785 1759 spes
803 1680 1118 1739 Germanici
1135 1678 1496 1750 coercendasg

312 1765 588 1826 credidere
611 1766 832 1845 quidam
864 1766 992 1826 data
1012 1781 1067 1824 et
1091 1768 1123 1824 ὅ,
1142 1766 1376 1824 Tiberio
1398 1782 1500 1824 oc·

311 1851 460 1912 culta
480 1853 760 1926 mandata,
792 1868 850 1911 et
879 1853 1197 1914 Plancinam
1227 1849 1372 1911 haud
1394 1849 1501 1909 du·

310 1939 398 1998 bie
428 1937 669 2018 Augusta
698 1941 919 1998 monuit
940 1936 1191 1998 muliebri
1213 1934 1500 1996 aemulati-

310 2044 423 2084 one
438 2025 795 2104 Agrippinam
814 2024 1106 2086 inseetandi
1122 2046 1141 2096 ;
1155 2022 1327 2082 divisa
1343 2041 1503 2081 nam-

311 2129 422 2191 que
443 2124 500 2168 et
522 2109 728 2170 discors
751 2114 872 2169 aula
893 2127 1035 2184 erat,
1058 2111 1240 2170 tacitis
1267 2112 1325 2170 in
1347 2116 1498 2168 Dru·

308 2194 453 2267 sum,
480 2210 574 2253 aut
600 2198 989 2258 Germanicum
1011 2195 1226 2255 studiis.
1274 2195 1498 2256 Tiberi·

313 2299 380 2337 us
405 2294 465 2338 ut
492 2282 771 2359 proprium
788 2297 844 2339 et
857 2278 937 2340 sui
962 2281 1240 2359 sanguinis
1255 2277 1499 2341 Drusum

310 2365 566 2426 fovebat:
594 2370 927 2428 Germanico
957 2367 1219 2428 alienatio
1242 2367 1420 2447 patrui
1437 2387 1498 2425 a·

310 2470 522 2514 morem
554 2451 696 2532 apud
720 2469 935 2514 ceteros
967 2469 1195 2514 auxerat
1211 2475 1232 2528 ς
1281 2467 1338 2512 et
1363 2454 1509 2533 quia.
