1742 3000
360 128 475 206 ‘148
545 148 603 191 c.
640 130 1021 203 'continu
1057 129 1345 190 ‘raeti-1

350 229 372 263 ‘
404 229 718 309 tyn’jubet5
735 227 755 258 ‘
779 242 1127 304 mortemque
1149 224 1346 306 sponte
1361 223 1541 307 sumpi

289 388 295 407 ἱ
350 315 373 349 ‘
401 318 534 374 tam’
550 314 864 374 ementitur.
894 332 997 372 nec
1015 329 1199 371 tamen
1216 312 1409 381 Caesar
1423 313 1542 392 pia-¹

348 404 488 461 citas
518 398 676 460 semel
704 414 849 458 artes
877 401 1135 472 mutavit,
1168 396 1255 458 sed
1285 392 1545 459 defu'neto

351 486 564 561 Fando,
588 506 749 565 quem
775 484 869 545 fibi
886 484 1157 544 infensum
1177 483 1547 565 Rhescuporis)

351 575 633 653 arguebat,
650 573 1019 651 Pomponium
1035 571 1287 631 Flaccum
1304 584 1547 630 veterem

353 658 662 742 stipendiis,
684 674 740 717 et
755 673 873 717 arta
889 676 1013 716 cum
1031 677 1156 734 rege
1171 658 1436 731 amicitia,
1451 666 1546 714 eo*

352 767 465 829 que
480 743 1035 806 accommodatiorem
1050 743 1119 803 ad
1135 742 1454 817 fallendum,
1473 743 1549 801 ob

354 833 415 894 id
439 835 677 892 maxime
701 828 937 891 Moefiae
952 830 1232 909 praefecit.
1323 826 1639 899 Flaccus67

355 921 420 979 in
443 913 1146 1000 Thraciam-transgress'uffi
1183 934 1281 996 per
1302 916 1555 991 ingentia

358 1002 642 1088 promissa,
669 995 925 1082 quamvis
941 1004 1256 1080 ambiguum
1270 1017 1329 1060 et
1349 998 1556 1060 scelera

358 1091 453 1153 sua
481 1092 854 1172 reputantem,
890 1087 1151 1168 perpulit,
1191 1102 1255 1147 ut
1291 1084 1556 1167 praefidit

358 1184 618 1241 Romana
639 1178 910 1248 intraret;
946 1173 1279 1235 circumdata
1309 1174 1442 1232 hinc
1462 1192 1555 1232 re-

362 1258 609 1346 'gi'specie
628 1264 862 1323 honoris
886 1260 1067 1321 valida
1083 1278 1304 1337 manus,
1321 1260 1559 1319 tribuni-

362 1370 494 1429 que,
510 1364 566 1408 et
588 1350 967 1421 centuriones,
989 1345 1298 1419 monendo,
1322 1343 1555 1405 suaden-

362 1436 469 1509 do;
516 1449 574 1493 et
598 1449 816 1515 quanto
838 1432 1063 1513 longius
1093 1431 1475 1495 abscedebatm·
1497 1452 1557 1492 a·

364 1524 606 1606 pertiore
620 1519 863 1581 custodia
878 1542 897 1592 3
917 1518 1190 1601 postremo
1204 1539 1437 1599 gnarum
1455 1538 1559 1578 ne·

366 1608 617 1669 ceffitatis
640 1608 700 1666 in
738 1608 930 1667 urbem
971 1621 1205 1667 traxere.
1272 1602 1558 1668 accusatus

275 1751 282 1756 ,
367 1697 432 1757 in
459 1693 646 1756 senatu
681 1693 748 1753 ab
771 1703 950 1753 uxore
989 1695 1215 1771 Cotyis,
1242 1691 1560 1767 damnatur,

367 1796 435 1844 ut
458 1780 653 1862 procul
677 1800 851 1857 regno
883 1793 1179 1839 teneretur.
1223 1777 1466 1838 Thracia
1495 1777 1561 1836 in

370 1868 795 1932 Rhoemetalcen
844 1864 1020 1925 filium
1033 1907 1053 1940 ‚
1095 1882 1263 1943 quem
1315 1863 1563 1944 paternis

370 1953 613 2017 consiliis
626 1951 967 2014 adversatum
984 1948 1288 2024 constabat,
1308 1952 1477 2028 inque
1488 1948 1562 2007 li-

373 2044 539 2102 beros
555 2042 752 2118 Cotyis
779 2038 1078 2099 dividitur:
1113 2035 1285 2117 iisque
1308 2033 1566 2094 nondum

374 2126 580 2187 adultis
630 2124 1020 2185 Trebellienus
1074 2123 1252 2184 Rnfias
1304 2133 1569 2201 praetura

374 2211 598 2274 functus
619 2210 804 2285 datur,
817 2212 918 2290 qui
935 2229 1160 2287 regnum
1175 2209 1397 2268 interim
1414 2218 1567 2267 trac·

377 2311 543 2373 taret,
584 2295 840 2376 exemplo
882 2315 998 2377 quo
1030 2295 1268 2374 majores
1308 2297 1568 2353 Marcum

363 2382 647 2464 'Lepidum
670 2382 968 2444 Ptolemaei
997 2381 1184 2442 liberis
1207 2394 1471 2452 tutorem,
1502 2379 1567 2440 in

368 2474 697 2554 'Aegyptum
737 2465 1018 2532 miserant.
1081 2463 1447 2548 Rhescuporis
1483 2469 1567 2541 A,-
