1742 3000
56 1110 59 1143 μ
55 696 73 1063 ψ-ἫΑῚῌὛ
56 636 59 659 ᾈ
58 544 59 577 „„

463 124 880 197 Anxanum}
914 158 1126 202 ιιιῐ.
1314 155 1389 221 13

236 229 422 308 quique
440 235 470 290 “a
487 235 801 309 parentibus
822 247 1143 313 acceperant
1155 230 1301 291 diem
1330 233 1397 290 il·

234 315 335 374 lum
365 319 516 377 crudi
550 319 726 378 adhuc
762 319 990 393 servitii,
1025 335 1080 377 et
1127 320 1396 378 libertatis

233 402 549 483 improspere
572 407 853 485 repetitae,
892 427 1017 465 cum
1038 403 1249 464 occisus
1280 404 1397 463 dic·

164 553 173 562 ,
232 502 368 547 tator
390 489 605 562 Caesar,
637 491 758 550 aliis
787 493 1085 570 pessimum,
1119 492 1243 549 aliis
1277 491 1400 569 pul-

233 577 504 635 cerrimum
529 577 746 636 facinus
770 578 1078 651 videretur3
1107 577 1126 608 ‘
1150 597 1304 636 nunc
1320 574 1398 635 se·

231 661 391 720 ‘'nem
414 666 741 742 principem,
777 663 946 742 longa
968 665 1241 743 potentia,
1269 682 1403 742 pto·

234 746 253 778 ‘
273 746 389 806 vifis
420 751 588 808 etiam
622 750 880 808 heredum
919 753 975 808 in
1011 749 1399 828 rempublicam

227 833 245 864 ‘
275 838 491 913 opibus,
534 837 743 894 auxilio
770 836 968 895 scilicet
990 836 1212 894 militari
1236 851 1398 894 tuen·

228 918 246 950 ‘
265 919 412 996 dum,
450 939 511 980 ut
537 920 811 1001 sepultura
838 924 959 1000 ejus
991 925 1177 999 quieta
1206 920 1428 981 ἷοιέῑθχ

195 1007 427 1082 9Multus
443 1007 711 1087 hinc-ipso
733 1010 800 1066 de
826 1007 1070 1086 Augusto
1094 1008 1267 1066 sermo
1285 1006 1400 1086 ple·

225 1090 391 1172 risque
431 1115 577 1155 vana
611 1096 979 1152 mirantibust
1021 1094 1039 1124 ‘
1067 1092 1221 1170 quod
1250 1093 1395 1151 idem
1463 1157 1472 1165 ,

146 1174 151 1181 ’
229 1178 371 1239 ‘dies
416 1183 630 1257 accepti
666 1180 953 1256 quondam
990 1178 1205 1255 imperii
1244 1179 1400 1255 prin-

220 1262 238 1294 ‘
264 1285 407 1345 ceps,
431 1284 489 1326 et
513 1268 661 1326 vitae
681 1265 981 1343 supremus.
1034 1263 1210 1322 Nolae
1223 1264 1284 1321 in
1299 1262 1403 1323 do·

225 1353 242 1384 ‘
261 1373 349 1412 mo
370 1370 425 1411 et
442 1352 721 1422 cubiculo,
749 1355 806 1409 in
842 1373 957 1429 quo
973 1366 1127 1432 pater
1148 1349 1267 1424 ejus
1292 1358 1402 1410 Oc-

228 1437 245 1469 ‘
266 1440 665 1524 taviusavitam
691 1437 973 1511 finiviffet3
1005 1455 1265 1497 numerus
1296 1439 1401 1496 eti·

224 1526 242 1558 ‘
263 1547 343 1586 am
362 1525 747 1587 consulatuum
765 1526 1271 1602 celebrabatur‚quo
1284 1531 1401 1582 Va-

222 1611 240 1643 ‘
262 1613 459 1684 leriam
498 1617 745 1670 Corvum
783 1628 840 1669 et
863 1618 931 1671 C.
966 1613 1208 1670 Marium
1242 1608 1398 1668 fimul

221 1697 239 1730 ‘
267 1712 627 1777 aequaverat:
652 1701 976 1757 continuata
993 1718 1089 1777 per
1112 1695 1317 1774 septem
1339 1710 1404 1754 et

223 1783 240 1815 ‘
263 1787 495 1862 triginta
509 1804 687 1843 annos
708 1786 1001 1843 tribunicia
1016 1780 1273 1862 potestas:
1293 1801 1400 1840 no·

222 1870 240 1902 ‘
269 1891 397 1929 men
436 1873 786 1949 imperatoris
823 1869 987 1929 semel
1018 1886 1182 1947 atque
1230 1870 1400 1926 vicies

220 1956 238 1987 ‘
263 1973 513 2035 partum:
541 1957 756 2034 aliaque
771 1960 1052 2015 honorum
1067 1953 1398 2032 multiplica-

191 2053 195 2058 ’
223 2041 241 2073 ‘
267 2057 343 2118 ta,
367 2058 463 2101 aut
478 2045 671 2102 nova.’
716 2056 773 2100 at
794 2043 938 2119 apud
962 2041 1256 2121 prudentes
1281 2043 1400 2101 vita

222 2129 337 2203 ejus
372 2131 525 2187 varie
561 2127 954 2203 extollebatur,
981 2129 1397 2205 arguebaturve.

224 2215 279 2271 hi
302 2214 321 2246 ‘
347 2217 545 2293 pietate
561 2231 1016 2292 erga-parentem,
1040 2228 1095 2272 et
1118 2214 1398 2274 necestita-

229 2297 247 2330 ‘
275 2299 407 2358 dine
441 2302 784 2380 reipublicae,
814 2303 874 2358 in
902 2322 1013 2379 qua
1043 2299 1229 2358 nullus
1263 2314 1402 2357 tunc

235 2385 478 2462 ‘legibus
509 2386 689 2460 locuS,
713 2388 781 2445 ad
813 2408 964 2446 arma
990 2384 1174 2445 civilia
1196 2389 1400 2453 aetum,

250 2469 412 2550 ‘quae
427 2492 605 2554 neque
625 2475 805 2554 parari
833 2471 1072 2553 possent,
1096 2488 1277 2544 neque
1304 2470 1404 2521 ha-
