1742 3000
330 168 452 246 184
554 189 617 232 c.
652 187 1042 231 conatur
1078 183 1371 232 raes-rt

319 295 447 336 cum
473 275 683 356 pudore
704 289 761 332 et
793 273 1003 349 flagitio
1025 271 1289 349 differuit‚
1311 275 1501 336 matris

272 379 505 446 preces
527 359 866 421 obtendens:
893 360 950 416 in
981 370 1147 438 qu'am
1176 361 1376 439 optimi
1406 381 1503 421 cu

310 448 509 529 jusque
546 446 733 508 secreti
771 443 1002 547 questus·
1035 446 1211 524 magis
1266 445 1506 507 ardesce-

316 540 485 596 bant:
530 532 550 568 ‘
573 533 630 593 id
652 552 783 609 ergo
806 531 891 590 fas
915 533 1070 590 aviae
1091 526 1517 595 inter-feetrioem

216 685 235 702 ,Ι
315 621 585 701 ‘nepotis
615 617 906 698 adspicere,
936 615 1186 696 adloqui,
1204 620 1412 697 eripere
1426 619 1507 679 se·

315 707 339 742 ‘
365 710 559 768 natui.
544 707 565 748 θ
616 704 770 786 quod
795 723 900 784 pro
923 705 1181 763 omnibus
1198 705 1411 765 civibus
1426 707 1504 766 le-

312 793 455 874 ‘ges
470 788 884 864 obtineant,uni
896 793 1227 850 Germanico
1239 810 1355 850 non
1369 813 1503 852 con-

314 880 340 915 ‘
363 877 568 958 tigiss'e!
604 877 816 938 Vitellii
848 890 906 934 et
923 877 1154 936 Veranii
1179 896 1316 936 voce
1337 876 1503 938 defle·

313 967 338 1001 ‘
362 981 481 1026 tum
508 961 814 1034 Caesarem3
850 963 959 1020 ab
943 978 1274 1041 tmperatore
1297 978 1355 1022 et
1384 971 1505 1023 Au-

315 1051 335 1086 ‘
362 1050 513 1132 gusta
556 1047 831 1110 defensam
860 1048 1208 1108 Plancinam!
1267 1050 1505 1129 proinde

314 1139 339 1176 ⁴
359 1158 594 1213 venena,
614 1154 669 1196 et
692 1149 833 1196 artes
858 1149 973 1195 tam
995 1134 1224 1194 feliciter
1246 1152 1504 1215 expertas

317 1225 341 1260 ‘
363 1239 600 1287 verteret
630 1225 689 1283 in
722 1223 1105 1302 Agrippinam,
1127 1224 1182 1281 in
1210 1221 1417 1282 liberos
1441 1218 1500 1281 e·

317 1312 341 1347 ’
364 1310 484 1389 jus,
520 1313 901 1390 egregiamque
936 1311 1120 1368 avium
1150 1328 1215 1368 ac
1244 1325 1500 1387 patruum

314 1397 338 1432 ‘
366 1395 634 1473 sanguiue
667 1393 993 1455 miserrimae
1025 1393 1225 1455 domus
1268 1394 1502 1454 exsatia-

312 1482 336 1518 ‘
358 1484 485 1543 ret.'
527 1480 755 1542 biduum
773 1480 935 1559 super
955 1483 1085 1541 haec
1107 1481 1344 1558 imagine
1366 1503 1499 1558 cog·
1533 1539 1546 1556 ,

314 1569 548 1628 nitionis
584 1566 958 1647 absumptum3
999 1582 1232 1645 urgente
1266 1570 1500 1627 Tiberio

313 1656 515 1715 liberos
533 1650 742 1713 Pisonis
748 1697 768 1728 ‚
788 1653 809 1686 ‘
828 1668 1057 1713 matrem
1076 1654 1155 1712 uti
1173 1657 1502 1715 tuerentur?

313 1756 369 1802 et
405 1761 530 1802 cum
570 1738 910 1801 accusatores
945 1759 1010 1799 ac
1053 1738 1209 1801 testes
1246 1741 1499 1800 certatim

313 1842 635 1909 perorarent
666 1826 1027 1907 respondente
1062 1825 1241 1900 nullo,
1277 1823 1498 1885 misera·

312 1916 394 1974 tio
411 1934 574 1993 quam
589 1915 799 1974 invidia
812 1915 1126 1992 augebatur.
1146 1912 1354 1992 primus
1373 1910 1497 1973 sen·

310 2004 541 2059 tentiam
573 2016 799 2078 rogatus
834 1999 1087 2059 Aurelius
1109 2004 1274 2057 Cotta
1303 1996 1497 2057 consul

308 2083 469 2153 (nam
490 2085 760 2146 referente
793 2083 1019 2144 Caesare
1056 2082 1399 2161 magistratus
1420 2104 1496 2144 eo

307 2171 469 2228 etiam
487 2189 711 2230 munere
724 2170 1159 2247 filngebantnr)‘
1179 2190 1384 2229 nomen
1401 2172 1494 2229 Pi·

307 2256 327 2299 ‘-
354 2253 504 2313 sonis
533 2252 828 2314 radendum
846 2254 990 2315 fastis
1007 2255 1251 2329 censuitg
1277 2272 1496 2336 partem

304 2340 329 2374 ‘
349 2342 623 2400 bonorum
654 2340 1077 2418 publicandam3
1121 2362 1247 2422 pars
1279 2358 1344 2401 ut
1377 2348 1490 2402 Cn.

305 2424 321 2456 ’ἲ
353 2424 532 2484 Piihni
565 2425 683 2484 filio
707 2428 1120 2503 concederetur,
1148 2428 1306 2507 isque
1332 2448 1495 2507 prae·

313 2508 321 2538 ⁴·
353 2532 553 2572 nomen
570 2525 825 2578 mutaret.
871 2519 956 2575 M.
976 2514 1099 2575 Piso
1115 2530 1287 2577 exuta
1305 2514 1496 2594 digni-

1704 0 1731 289 l
