1742 3000
348 150 357 166 ⁸
419 163 878 233 ''AnnAva
913 187 1046 234 mn.
1082 162 1181 234 xv,
1297 185 1431 254 253

161 286 189 337 ι
205 288 225 332 1
245 268 400 329 Haec
414 268 584 348 vulgo
598 269 826 347 jactata,
855 265 1013 347 super
1028 267 1080 329 id
1099 266 1250 349 quod
1274 269 1437 331 nullo

163 411 176 422 ,
234 356 454 414 austere
476 370 630 415 certo
654 353 965 428 firmantur,
1001 355 1257 436 prompte
1286 354 1433 415 refu·

234 441 459 501 taveris.
506 444 632 520 quis
660 443 821 502 enim'
834 437 1096 502 mediocri
1114 440 1430 522 prudentia,

232 527 434 588 nedum
451 529 714 587 Tiberius
740 530 912 588 tantis
940 530 1103 587 rebus
1126 528 1430 603 exercitus,
1485 544 1495 551 “

230 613 485 673 inaudito
506 612 871 674 filio'exitium
889 612 1134 690 offerret,
1151 613 1318 693 idque
1333 612 1429 674 sua

229 719 421 773 manu,
449 714 507 758 et
526 699 683 758 nullo
707 699 777 757 ad
800 698 1195 778 poenitendum
1219 698 1427 777 regres-

229 782 288 844 su
313 785 337 843 ἓ
383 786 523 863 quin
547 786 736 865 potius
770 782 1079 846 ministrum
1099 788 1302 844 veneni
1324 805 1427 845 ex-

229 870 500 932 cruciaret
513 892 534 945 3
568 875 846 932 auctorem
876 873 1225 950 exquireret:
1261 869 1427 931 infita

227 955 466 1037 denique
487 959 651 1018 etiam
672 961 732 1018 in
755 973 1054 1018 extraneos
1070 960 1423 1017 cunctatione

224 1059 282 1104 et
309 1064 492 1120 mora,
527 1043 813 1105 adversum
845 1046 1096 1119 unicum,
1125 1059 1183 1103 et
1208 1043 1422 1120 nullius

223 1144 356 1189 ante
391 1130 585 1207 flagitii
613 1145 959 1210 compertum
992 1143 1258 1188 uteretur.
1327 1126 1420 1188 sed

224 1215 359 1294 quia
372 1213 602 1292 Sejanus
619 1214 933 1275 facinorum
955 1215 1208 1273 omnium
1238 1232 1423 1291 reper-

224 1314 320 1359 tor
344 1300 666 1375 habebatur,
689 1320 762 1359 ex
784 1300 956 1359 nimia
973 1299 1198 1360 caritate
1214 1301 1275 1358 in
1292 1319 1419 1360 eum

224 1382 497 1462 Caesaris,
528 1404 587 1447 et
610 1402 918 1447 ceterorum
941 1388 1000 1445 in
1025 1399 1322 1468 utrumque
1352 1406 1420 1446 o-

220 1470 341 1547 dio,
354 1475 609 1553 quamvis
623 1473 866 1536 stabulosa
880 1488 938 1534 et
949 1474 1212 1535 immania
1229 1473 1419 1535 crede·

221 1561 455 1622 bantur:
486 1564 764 1622 atrociore
785 1558 995 1642 semper
1007 1559 1152 1621 fama
1167 1581 1296 1639 erga
1310 1560 1414 1621 do·

218 1648 549 1708 minantium
572 1651 778 1709 exitus.
827 1647 979 1709 ordo*
1004 1646 1217 1726 alioqui
1248 1646 1415 1709 scele-

216 1735 298 1793 ris
320 1753 416 1812 per
440 1741 727 1813 Apicatam
762 1734 945 1811 sejani
977 1732 1256 1810 proditus,
1295 1748 1416 1792 tor-

217 1820 425 1880 mentis
442 1820 693 1896 Eudemi,
716 1840 781 1880 ac
805 1817 987 1896 Lygdi
1001 1816 1299 1897 patefaflus
1313 1816 1411 1890 est3

215 1922 399 1982 neque
425 1903 709 1985 quisquam
747 1904 980 1982 scriptor
1019 1917 1134 1962 tam
1163 1901 1413 1963 infensus

210 1988 447 2065 exstitit,
471 2006 536 2049 ut
550 1992 783 2050 Tiberio
801 1989 1125 2068 objectaret,
1147 2009 1268 2049 cum
1288 1997 1414 2050 om·

209 2077 311 2138 nia
334 2075 442 2136 alia
473 2078 890 2157 conquirerent,
929 2075 1405 2159 intenderentque.

209 2164 349 2224 mihi
364 2162 616 2225 tradendi
631 2161 1006 2243 arguendique
1021 2164 1260 2223 rumoris
1275 2184 1407 2225 cau·

210 2248 270 2311 sa
296 2249 425 2327 fuit,
451 2268 512 2311 ut
534 2251 686 2313 claro
713 2249 809 2310 sub
841 2248 1099 2329 exemplo
1117 2249 1275 2311 falsas
1307 2272 1406 2310 au-

208 2336 455 2398 ditiones
486 2337 837 2417 depellerem,
871 2352 1219 2416 peteremque
1235 2338 1305 2395 ab
1334 2338 1405 2394 iis

209 2442 451 2500 quorum
473 2425 535 2483 in
558 2443 756 2485 manus
787 2443 920 2483 cura
953 2420 1138 2482 nostra
1167 2422 1407 2493 venerit,

209 2526 289 2569 ne
321 2507 601 2588 divulgata
634 2525 800 2591 atque
830 2507 1202 2591 incredibilia,
1242 2504 1409 2568 avide
