<?xml version="1.0" encoding="UTF-8"?>
<!DOCTYPE html PUBLIC "-//W3C//DTD XHTML 1.0 Transitional//EN"
    "http://www.w3.org/TR/xhtml1/DTD/xhtml1-transitional.dtd">
<html xmlns="http://www.w3.org/1999/xhtml" xml:lang="en" lang="en">
 <head>
  <title>
</title>
<meta http-equiv="Content-Type" content="text/html;charset=utf-8" />
  <meta name='ocr-system' content='tesseract 3.04.00' />
  <meta name='ocr-capabilities' content='ocr_page ocr_carea ocr_par ocr_line ocrx_word'/>
</head>
<body>
  <div class='ocr_page' id='page_1' title='image "./ccorneliitaciti06grongoog_0274.png"; bbox 0 0 1742 3000; ppageno 0'>
   <div class='ocr_carea' id='block_1_1' title="bbox 324 110 1618 1674">
    <p class='ocr_par' dir='ltr' id='par_1_1' title="bbox 341 110 1348 190">
     <span class='ocr_line' id='line_1_1' title="bbox 341 110 1348 190; baseline -0.008 -12"><span class='ocrx_word' id='word_1_1' title='bbox 341 110 476 190; x_wconf 77' lang='lat'><strong>264</strong></span> <span class='ocrx_word' id='word_1_2' title='bbox 540 129 601 173; x_wconf 85' lang='lat' dir='ltr'><strong>e.</strong></span> <span class='ocrx_word' id='word_1_3' title='bbox 636 127 1020 172; x_wconf 63' lang='lat' dir='ltr'><strong>coaxant</strong></span> <span class='ocrx_word' id='word_1_4' title='bbox 1056 124 1348 170; x_wconf 71' lang='lat' dir='ltr'><strong>‘racrrr</strong></span> 
     </span>
    </p>

    <p class='ocr_par' dir='ltr' id='par_1_2' title="bbox 324 208 1618 1674">
     <span class='ocr_line' id='line_1_2' title="bbox 340 208 1534 294; baseline -0.003 -20"><span class='ocrx_word' id='word_1_5' title='bbox 340 217 403 274; x_wconf 87' lang='lat' dir='ltr'><strong>in</strong></span> <span class='ocrx_word' id='word_1_6' title='bbox 431 231 688 294; x_wconf 73' lang='lat' dir='ltr'><strong>praecepa</strong></span> <span class='ocrx_word' id='word_1_7' title='bbox 706 212 879 290; x_wconf 77' lang='lat' dir='ltr'><strong>jecit3</strong></span> <span class='ocrx_word' id='word_1_8' title='bbox 922 208 1227 288; x_wconf 67' lang='lat' dir='ltr'><strong>tractusque</strong></span> <span class='ocrx_word' id='word_1_9' title='bbox 1248 210 1319 272; x_wconf 85' lang='lat' dir='ltr'><strong>ad</strong></span> <span class='ocrx_word' id='word_1_10' title='bbox 1343 209 1534 271; x_wconf 87' lang='lat' dir='ltr'><strong>Caesa·</strong></span> 
     </span>
     <span class='ocr_line' id='line_1_3' title="bbox 342 293 1538 378; baseline -0.002 -18"><span class='ocrx_word' id='word_1_11' title='bbox 342 321 460 360; x_wconf 84' lang='lat' dir='ltr'><strong>rem</strong></span> <span class='ocrx_word' id='word_1_12' title='bbox 473 301 541 359; x_wconf 88' lang='lat' dir='ltr'><strong>ab</strong></span> <span class='ocrx_word' id='word_1_13' title='bbox 562 299 900 378; x_wconf 80' lang='lat' dir='ltr'><strong>L.Apronio</strong></span> <span class='ocrx_word' id='word_1_14' title='bbox 918 295 1133 371; x_wconf 72' lang='lat' dir='ltr'><strong>socer-03</strong></span> <span class='ocrx_word' id='word_1_15' title='bbox 1148 293 1367 357; x_wconf 78' lang='lat' dir='ltr'><strong>turbata‘</strong></span> <span class='ocrx_word' id='word_1_16' title='bbox 1380 319 1538 358; x_wconf 83' lang='lat' dir='ltr'><strong>men·</strong></span> 
     </span>
     <span class='ocr_line' id='line_1_4' title="bbox 339 381 1539 465; baseline -0.003 -18"><span class='ocrx_word' id='word_1_17' title='bbox 339 401 399 447; x_wconf 90' lang='lat' dir='ltr'><strong>tc</strong></span> <span class='ocrx_word' id='word_1_18' title='bbox 420 382 722 465; x_wconf 86' lang='lat' dir='ltr'><strong>respondit,</strong></span> <span class='ocrx_word' id='word_1_19' title='bbox 738 399 1024 464; x_wconf 85' lang='lat' dir='ltr'><strong>tamquam</strong></span> <span class='ocrx_word' id='word_1_20' title='bbox 1042 384 1060 414; x_wconf 94' lang='lat'>‘</span> <span class='ocrx_word' id='word_1_21' title='bbox 1073 381 1184 462; x_wconf 87' lang='lat' dir='ltr'><strong>ipse</strong></span> <span class='ocrx_word' id='word_1_22' title='bbox 1199 381 1398 443; x_wconf 82' lang='lat' dir='ltr'><strong>somno</strong></span> <span class='ocrx_word' id='word_1_23' title='bbox 1411 405 1539 463; x_wconf 85' lang='lat' dir='ltr'><strong>gra-</strong></span> 
     </span>
     <span class='ocr_line' id='line_1_5' title="bbox 342 469 1542 550; baseline -0.003 -18"><span class='ocrx_word' id='word_1_24' title='bbox 342 473 363 505; x_wconf 90' lang='lat'>‘</span> <span class='ocrx_word' id='word_1_25' title='bbox 394 473 505 546; x_wconf 73' lang='lat' dir='ltr'><strong>via,</strong></span> <span class='ocrx_word' id='word_1_26' title='bbox 533 485 700 550; x_wconf 87' lang='lat' dir='ltr'><strong>atque</strong></span> <span class='ocrx_word' id='word_1_27' title='bbox 713 490 784 530; x_wconf 90' lang='lat' dir='ltr'><strong>eo</strong></span> <span class='ocrx_word' id='word_1_28' title='bbox 800 472 1050 547; x_wconf 75' lang='lat' dir='ltr'><strong>ignarus,</strong></span> <span class='ocrx_word' id='word_1_29' title='bbox 1073 484 1133 528; x_wconf 88' lang='lat' dir='ltr'><strong>et</strong></span> <span class='ocrx_word' id='word_1_30' title='bbox 1148 489 1311 538; x_wconf 34' lang='lat' dir='ltr'><strong>‘uxor</strong></span> <span class='ocrx_word' id='word_1_31' title='bbox 1338 469 1542 550; x_wconf 87' lang='lat' dir='ltr'><strong>sponte</strong></span> 
     </span>
     <span class='ocr_line' id='line_1_6' title="bbox 338 554 1539 635; baseline -0.002 -18"><span class='ocrx_word' id='word_1_32' title='bbox 338 556 361 591; x_wconf 90' lang='lat'>‘</span> <span class='ocrx_word' id='word_1_33' title='bbox 384 572 620 618; x_wconf 84' lang='lat' dir='ltr'><strong>mortem</strong></span> <span class='ocrx_word' id='word_1_34' title='bbox 645 554 962 635; x_wconf 77' lang='lat' dir='ltr'><strong>sumpfiffet.</strong></span> <span class='ocrx_word' id='word_1_35' title='bbox 985 558 1001 583; x_wconf 93' lang='lat'>&#39;</span> <span class='ocrx_word' id='word_1_36' title='bbox 1059 575 1182 615; x_wconf 89' lang='lat' dir='ltr'><strong>non</strong></span> <span class='ocrx_word' id='word_1_37' title='bbox 1213 559 1539 617; x_wconf 59' lang='lat' dir='ltr'><strong>cunctanter</strong></span> 
     </span>
     <span class='ocr_line' id='line_1_7' title="bbox 338 639 1534 722; baseline -0.002 -18"><span class='ocrx_word' id='word_1_38' title='bbox 338 644 605 704; x_wconf 75' lang='lat' dir='ltr'><strong>Tiberius</strong></span> <span class='ocrx_word' id='word_1_39' title='bbox 646 645 825 722; x_wconf 79' lang='lat' dir='ltr'><strong>pergit</strong></span> <span class='ocrx_word' id='word_1_40' title='bbox 855 645 918 701; x_wconf 84' lang='lat' dir='ltr'><strong>in</strong></span> <span class='ocrx_word' id='word_1_41' title='bbox 942 640 1196 717; x_wconf 85' lang='lat' dir='ltr'><strong>domum,</strong></span> <span class='ocrx_word' id='word_1_42' title='bbox 1225 639 1348 702; x_wconf 81' lang='lat' dir='ltr'><strong>vifit</strong></span> <span class='ocrx_word' id='word_1_43' title='bbox 1375 643 1534 702; x_wconf 74' lang='lat' dir='ltr'><strong>eubi-</strong></span> 
     </span>
     <span class='ocr_line' id='line_1_8' title="bbox 337 726 1547 808; baseline -0.002 -17"><span class='ocrx_word' id='word_1_44' title='bbox 337 730 556 803; x_wconf 78' lang='lat' dir='ltr'><strong>culum3</strong></span> <span class='ocrx_word' id='word_1_45' title='bbox 598 730 660 788; x_wconf 88' lang='lat' dir='ltr'><strong>in</strong></span> <span class='ocrx_word' id='word_1_46' title='bbox 687 749 805 807; x_wconf 88' lang='lat' dir='ltr'><strong>quo</strong></span> <span class='ocrx_word' id='word_1_47' title='bbox 836 727 1157 788; x_wconf 62' lang='lat' dir='ltr'><strong>reluctantia</strong></span> <span class='ocrx_word' id='word_1_48' title='bbox 1194 743 1253 786; x_wconf 89' lang='lat' dir='ltr'><strong>et</strong></span> <span class='ocrx_word' id='word_1_49' title='bbox 1275 726 1547 808; x_wconf 82' lang='lat' dir='ltr'><strong>impulsae&#39;</strong></span> 
     </span>
     <span class='ocr_line' id='line_1_9' title="bbox 338 812 1537 891; baseline -0.003 -13"><span class='ocrx_word' id='word_1_50' title='bbox 338 814 562 891; x_wconf 79' lang='lat' dir='ltr'><strong>vestigia</strong></span> <span class='ocrx_word' id='word_1_51' title='bbox 574 818 956 876; x_wconf 76' lang='lat' dir='ltr'><strong>cernebantur.</strong></span> <span class='ocrx_word' id='word_1_52' title='bbox 993 813 1157 873; x_wconf 82' lang='lat' dir='ltr'>refert</span> <span class='ocrx_word' id='word_1_53' title='bbox 1176 813 1244 876; x_wconf 86' lang='lat' dir='ltr'><strong>ad</strong></span> <span class='ocrx_word' id='word_1_54' title='bbox 1263 812 1537 891; x_wconf 84' lang='lat' dir='ltr'><strong>senatum,</strong></span> 
     </span>
     <span class='ocr_line' id='line_1_10' title="bbox 338 899 1534 980; baseline -0.003 -16"><span class='ocrx_word' id='word_1_55' title='bbox 338 900 588 980; x_wconf 88' lang='lat' dir='ltr'><strong>datisque</strong></span> <span class='ocrx_word' id='word_1_56' title='bbox 602 899 886 978; x_wconf 75' lang='lat' dir='ltr'><strong>Judicibua</strong></span> <span class='ocrx_word' id='word_1_57' title='bbox 915 899 1217 977; x_wconf 81' lang='lat' dir='ltr'><strong>Urgulania</strong></span> <span class='ocrx_word' id='word_1_58' title='bbox 1237 899 1443 961; x_wconf 86' lang='lat' dir='ltr'><strong>silvani</strong></span> <span class='ocrx_word' id='word_1_59' title='bbox 1465 921 1534 960; x_wconf 87' lang='lat' dir='ltr'><strong>a·</strong></span> 
     </span>
     <span class='ocr_line' id='line_1_11' title="bbox 337 983 1538 1067; baseline 0 -19"><span class='ocrx_word' id='word_1_60' title='bbox 337 989 428 1048; x_wconf 85' lang='lat' dir='ltr'><strong>via</strong></span> <span class='ocrx_word' id='word_1_61' title='bbox 449 988 747 1067; x_wconf 82' lang='lat' dir='ltr'>pugionem</span> <span class='ocrx_word' id='word_1_62' title='bbox 775 986 971 1066; x_wconf 83' lang='lat' dir='ltr'>nepoti</span> <span class='ocrx_word' id='word_1_63' title='bbox 996 983 1162 1046; x_wconf 82' lang='lat' dir='ltr'><strong>mifit.</strong></span> <span class='ocrx_word' id='word_1_64' title='bbox 1223 985 1371 1066; x_wconf 86' lang='lat' dir='ltr'><strong>quod</strong></span> <span class='ocrx_word' id='word_1_65' title='bbox 1403 1006 1538 1065; x_wconf 86' lang='lat' dir='ltr'><strong>per-</strong></span> 
     </span>
     <span class='ocr_line' id='line_1_12' title="bbox 337 1070 1545 1152; baseline 0 -18"><span class='ocrx_word' id='word_1_66' title='bbox 337 1073 470 1134; x_wconf 79' lang='lat' dir='ltr'><strong>inde</strong></span> <span class='ocrx_word' id='word_1_67' title='bbox 491 1072 761 1133; x_wconf 85' lang='lat' dir='ltr'><strong>creditum</strong></span> <span class='ocrx_word' id='word_1_68' title='bbox 796 1070 948 1151; x_wconf 82' lang='lat' dir='ltr'><strong>quafi</strong></span> <span class='ocrx_word' id='word_1_69' title='bbox 982 1074 1251 1152; x_wconf 80' lang='lat' dir='ltr'><strong>principis</strong></span> <span class='ocrx_word' id='word_1_70' title='bbox 1287 1074 1545 1152; x_wconf 85' lang='lat' dir='ltr'><strong>monitu,</strong></span> 
     </span>
     <span class='ocr_line' id='line_1_13' title="bbox 338 1155 1537 1237; baseline 0.001 -15"><span class='ocrx_word' id='word_1_71' title='bbox 338 1163 417 1222; x_wconf 83' lang='lat' dir='ltr'><strong>ob</strong></span> <span class='ocrx_word' id='word_1_72' title='bbox 439 1161 735 1222; x_wconf 78' lang='lat' dir='ltr'>amicitiam</span> <span class='ocrx_word' id='word_1_73' title='bbox 762 1155 1036 1237; x_wconf 85' lang='lat' dir='ltr'><strong>Augustae</strong></span> <span class='ocrx_word' id='word_1_74' title='bbox 1055 1177 1181 1222; x_wconf 78' lang='lat' dir='ltr'><strong>cum</strong></span> <span class='ocrx_word' id='word_1_75' title='bbox 1203 1159 1537 1237; x_wconf 83' lang='lat' dir='ltr'><strong>Urgulania.</strong></span> 
     </span>
     <span class='ocr_line' id='line_1_14' title="bbox 338 1243 1539 1327; baseline 0.001 -21"><span class='ocrx_word' id='word_1_76' title='bbox 338 1268 464 1307; x_wconf 86' lang='lat' dir='ltr'><strong>reus</strong></span> <span class='ocrx_word' id='word_1_77' title='bbox 497 1245 694 1306; x_wconf 87' lang='lat' dir='ltr'><strong>frustra</strong></span> <span class='ocrx_word' id='word_1_78' title='bbox 715 1260 935 1318; x_wconf 81' lang='lat' dir='ltr'><strong>tentato</strong></span> <span class='ocrx_word' id='word_1_79' title='bbox 972 1243 1146 1321; x_wconf 77' lang='lat' dir='ltr'><strong>ferro,</strong></span> <span class='ocrx_word' id='word_1_80' title='bbox 1172 1265 1347 1306; x_wconf 80' lang='lat' dir='ltr'><strong>venas</strong></span> <span class='ocrx_word' id='word_1_81' title='bbox 1375 1265 1539 1327; x_wconf 87' lang='lat' dir='ltr'><strong>prae·</strong></span> 
     </span>
     <span class='ocr_line' id='line_1_15' title="bbox 332 1330 1541 1413; baseline -0.001 -19"><span class='ocrx_word' id='word_1_82' title='bbox 332 1335 454 1394; x_wconf 88' lang='lat' dir='ltr'><strong>buit</strong></span> <span class='ocrx_word' id='word_1_83' title='bbox 474 1330 1006 1393; x_wconf 81' lang='lat' dir='ltr'><strong>exsolvendas.mox</strong></span> <span class='ocrx_word' id='word_1_84' title='bbox 1022 1333 1363 1392; x_wconf 87' lang='lat' dir='ltr'><strong>Numantina</strong></span> <span class='ocrx_word' id='word_1_85' title='bbox 1378 1334 1541 1413; x_wconf 85' lang='lat' dir='ltr'><strong>prior</strong></span> 
     </span>
     <span class='ocr_line' id='line_1_16' title="bbox 334 1415 1537 1496; baseline 0.002 -18"><span class='ocrx_word' id='word_1_86' title='bbox 334 1438 480 1478; x_wconf 78' lang='lat' dir='ltr'><strong>uxor</strong></span> <span class='ocrx_word' id='word_1_87' title='bbox 493 1418 614 1494; x_wconf 78' lang='lat' dir='ltr'><strong>ejus</strong></span> <span class='ocrx_word' id='word_1_88' title='bbox 637 1415 883 1478; x_wconf 88' lang='lat' dir='ltr'><strong>accusata</strong></span> <span class='ocrx_word' id='word_1_89' title='bbox 897 1418 917 1449; x_wconf 92' lang='lat'>‘</span> <span class='ocrx_word' id='word_1_90' title='bbox 936 1415 1172 1496; x_wconf 82' lang='lat' dir='ltr'><strong>injeciffc</strong></span> <span class='ocrx_word' id='word_1_91' title='bbox 1193 1420 1537 1482; x_wconf 76' lang='lat' dir='ltr'><strong>carminibus</strong></span> 
     </span>
     <span class='ocr_line' id='line_1_17' title="bbox 332 1503 1535 1582; baseline 0.002 -17"><span class='ocrx_word' id='word_1_92' title='bbox 332 1506 353 1540; x_wconf 89' lang='lat'>‘</span> <span class='ocrx_word' id='word_1_93' title='bbox 377 1519 435 1565; x_wconf 86' lang='lat' dir='ltr'><strong>et</strong></span> <span class='ocrx_word' id='word_1_94' title='bbox 455 1503 734 1565; x_wconf 78' lang='lat' dir='ltr'><strong>veneficiis</strong></span> <span class='ocrx_word' id='word_1_95' title='bbox 750 1504 1066 1565; x_wconf 82' lang='lat' dir='ltr'><strong>vecordiam</strong></span> <span class='ocrx_word' id='word_1_96' title='bbox 1082 1507 1323 1582; x_wconf 84' lang='lat' dir='ltr'><strong>marito‚&#39;</strong></span> <span class='ocrx_word' id='word_1_97' title='bbox 1338 1504 1535 1568; x_wconf 77' lang='lat' dir='ltr'><strong>insons</strong></span> 
     </span>
     <span class='ocr_line' id='line_1_18' title="bbox 324 1588 1618 1674; baseline 0.007 -25"><span class='ocrx_word' id='word_1_98' title='bbox 324 1590 626 1670; x_wconf 80' lang='lat' dir='ltr'><strong>judicatur.</strong></span> <span class='ocrx_word' id='word_1_99' title='bbox 717 1596 773 1650; x_wconf 77' lang='lat' dir='ltr'><strong>Is</strong></span> <span class='ocrx_word' id='word_1_100' title='bbox 803 1588 1025 1653; x_wconf 84' lang='lat' dir='ltr'><strong>demum</strong></span> <span class='ocrx_word' id='word_1_101' title='bbox 1049 1612 1232 1653; x_wconf 85' lang='lat' dir='ltr'><strong>annus</strong></span> <span class='ocrx_word' id='word_1_102' title='bbox 1249 1592 1525 1674; x_wconf 85' lang='lat' dir='ltr'><strong>populum</strong></span> <span class='ocrx_word' id='word_1_103' title='bbox 1544 1613 1618 1674; x_wconf 83' lang='lat'><strong>23</strong></span> 
     </span>
    </p>
   </div>
   <div class='ocr_carea' id='block_1_2' title="bbox 211 1675 1535 1755">
    <p class='ocr_par' dir='ltr' id='par_1_3' title="bbox 211 1675 1535 1755">
     <span class='ocr_line' id='line_1_19' title="bbox 211 1675 1535 1755; baseline 0.003 -20"><span class='ocrx_word' id='word_1_104' title='bbox 211 1680 216 1685; x_wconf 79' lang='grc'><strong><em>’</em></strong></span> <span class='ocrx_word' id='word_1_105' title='bbox 333 1681 644 1739; x_wconf 85' lang='lat' dir='ltr'><strong>Romanum</strong></span> <span class='ocrx_word' id='word_1_106' title='bbox 683 1675 859 1753; x_wconf 82' lang='lat' dir='ltr'><strong>longo</strong></span> <span class='ocrx_word' id='word_1_107' title='bbox 897 1676 1183 1739; x_wconf 85' lang='lat' dir='ltr'><strong>adversum</strong></span> <span class='ocrx_word' id='word_1_108' title='bbox 1226 1679 1535 1755; x_wconf 65' lang='lat' dir='ltr'><strong>Numidam</strong></span> 
     </span>
    </p>
   </div>
   <div class='ocr_carea' id='block_1_3' title="bbox 321 1762 1535 2535">
    <p class='ocr_par' dir='ltr' id='par_1_4' title="bbox 321 1762 1535 2535">
     <span class='ocr_line' id='line_1_20' title="bbox 329 1762 1533 1845; baseline 0 -20"><span class='ocrx_word' id='word_1_109' title='bbox 329 1762 744 1825; x_wconf 81' lang='lat' dir='ltr'><strong>Tacfarinatem</strong></span> <span class='ocrx_word' id='word_1_110' title='bbox 767 1763 916 1825; x_wconf 85' lang='lat' dir='ltr'><strong>bello</strong></span> <span class='ocrx_word' id='word_1_111' title='bbox 939 1763 1192 1825; x_wconf 89' lang='lat' dir='ltr'><strong>absolvit.</strong></span> <span class='ocrx_word' id='word_1_112' title='bbox 1254 1786 1386 1825; x_wconf 80' lang='lat' dir='ltr'><strong>nam</strong></span> <span class='ocrx_word' id='word_1_113' title='bbox 1411 1768 1533 1845; x_wconf 85' lang='lat' dir='ltr'><strong>pri·</strong></span> 
     </span>
     <span class='ocr_line' id='line_1_21' title="bbox 328 1850 1529 1932; baseline 0.001 -21"><span class='ocrx_word' id='word_1_114' title='bbox 328 1871 455 1912; x_wconf 80' lang='lat' dir='ltr'><strong>ores</strong></span> <span class='ocrx_word' id='word_1_115' title='bbox 481 1850 670 1925; x_wconf 81' lang='lat' dir='ltr'><strong>duces,</strong></span> <span class='ocrx_word' id='word_1_116' title='bbox 693 1851 787 1911; x_wconf 89' lang='lat' dir='ltr'><strong>ubi</strong></span> <span class='ocrx_word' id='word_1_117' title='bbox 810 1850 1158 1929; x_wconf 86' lang='lat' dir='ltr'><strong>impetrando</strong></span> <span class='ocrx_word' id='word_1_118' title='bbox 1173 1850 1529 1932; x_wconf 85' lang='lat' dir='ltr'><strong>triumphali-</strong></span> 
     </span>
     <span class='ocr_line' id='line_1_22' title="bbox 332 1934 1533 2015; baseline 0 -18"><span class='ocrx_word' id='word_1_119' title='bbox 332 1957 426 1997; x_wconf 83' lang='lat' dir='ltr'><strong>um</strong></span> <span class='ocrx_word' id='word_1_120' title='bbox 445 1934 644 2015; x_wconf 84' lang='lat' dir='ltr'><strong>infigni</strong></span> <span class='ocrx_word' id='word_1_121' title='bbox 662 1934 902 1996; x_wconf 87' lang='lat' dir='ltr'><strong>sufficere</strong></span> <span class='ocrx_word' id='word_1_122' title='bbox 916 1957 1002 1996; x_wconf 83' lang='lat' dir='ltr'><strong>res</strong></span> <span class='ocrx_word' id='word_1_123' title='bbox 1020 1934 1139 1997; x_wconf 84' lang='lat' dir='ltr'><strong>suas</strong></span> <span class='ocrx_word' id='word_1_124' title='bbox 1149 1936 1533 2014; x_wconf 81' lang='lat' dir='ltr'><strong>crediderant,</strong></span> 
     </span>
     <span class='ocr_line' id='line_1_23' title="bbox 328 2022 1535 2105; baseline -0.002 -21"><span class='ocrx_word' id='word_1_125' title='bbox 328 2022 537 2084; x_wconf 87' lang='lat' dir='ltr'><strong>hostem</strong></span> <span class='ocrx_word' id='word_1_126' title='bbox 559 2023 915 2098; x_wconf 87' lang='lat' dir='ltr'><strong>omittebant,</strong></span> <span class='ocrx_word' id='word_1_127' title='bbox 932 2024 1162 2105; x_wconf 87' lang='lat' dir='ltr'><strong>jamque</strong></span> <span class='ocrx_word' id='word_1_128' title='bbox 1185 2040 1295 2083; x_wconf 75' lang='lat' dir='ltr'><strong>tres</strong></span> <span class='ocrx_word' id='word_1_129' title='bbox 1317 2022 1535 2083; x_wconf 72' lang='lat' dir='ltr'><strong>laurea-</strong></span> 
     </span>
     <span class='ocr_line' id='line_1_24' title="bbox 330 2108 1533 2190; baseline 0.003 -23"><span class='ocrx_word' id='word_1_130' title='bbox 330 2123 420 2167; x_wconf 86' lang='lat' dir='ltr'><strong>tae</strong></span> <span class='ocrx_word' id='word_1_131' title='bbox 440 2110 502 2167; x_wconf 87' lang='lat' dir='ltr'><strong>in</strong></span> <span class='ocrx_word' id='word_1_132' title='bbox 542 2111 676 2168; x_wconf 87' lang='lat' dir='ltr'><strong>urbe</strong></span> <span class='ocrx_word' id='word_1_133' title='bbox 704 2108 931 2184; x_wconf 87' lang='lat' dir='ltr'><strong>statuae,</strong></span> <span class='ocrx_word' id='word_1_134' title='bbox 968 2124 1025 2168; x_wconf 87' lang='lat' dir='ltr'><strong>et</strong></span> <span class='ocrx_word' id='word_1_135' title='bbox 1058 2109 1237 2170; x_wconf 86' lang='lat' dir='ltr'><strong>adhuc</strong></span> <span class='ocrx_word' id='word_1_136' title='bbox 1265 2110 1533 2190; x_wconf 87' lang='lat' dir='ltr'><strong>raptabat</strong></span> 
     </span>
     <span class='ocr_line' id='line_1_25' title="bbox 328 2192 1534 2269; baseline 0.002 -16"><span class='ocrx_word' id='word_1_137' title='bbox 328 2192 573 2253; x_wconf 85' lang='lat' dir='ltr'><strong>Africam</strong></span> <span class='ocrx_word' id='word_1_138' title='bbox 602 2193 953 2269; x_wconf 84' lang='lat' dir='ltr'><strong>Tacfarinas,</strong></span> <span class='ocrx_word' id='word_1_139' title='bbox 974 2200 1165 2255; x_wconf 66' lang='lat' dir='ltr'><strong>auctus</strong></span> <span class='ocrx_word' id='word_1_140' title='bbox 1190 2202 1534 2256; x_wconf 86' lang='lat' dir='ltr'><strong>Maurorum</strong></span> 
     </span>
     <span class='ocr_line' id='line_1_26' title="bbox 325 2278 1532 2359; baseline 0.004 -22"><span class='ocrx_word' id='word_1_141' title='bbox 325 2278 508 2343; x_wconf 80' lang='lat' dir='ltr'><strong>auxilii</strong></span> <span class='ocrx_word' id='word_1_142' title='bbox 514 2298 538 2336; x_wconf 77' lang='lat' dir='ltr'>s</span> <span class='ocrx_word' id='word_1_143' title='bbox 542 2280 662 2356; x_wconf 82' lang='lat' dir='ltr'><strong>‚qui</strong></span> <span class='ocrx_word' id='word_1_144' title='bbox 678 2279 988 2339; x_wconf 87' lang='lat' dir='ltr'><strong>Ptolemaeo</strong></span> <span class='ocrx_word' id='word_1_145' title='bbox 999 2283 1176 2357; x_wconf 86' lang='lat' dir='ltr'><strong>Jubae</strong></span> <span class='ocrx_word' id='word_1_146' title='bbox 1187 2280 1532 2359; x_wconf 85' lang='lat' dir='ltr'><strong>filiojuven·</strong></span> 
     </span>
     <span class='ocr_line' id='line_1_27' title="bbox 324 2362 1533 2445; baseline 0.005 -22"><span class='ocrx_word' id='word_1_147' title='bbox 324 2380 381 2423; x_wconf 83' lang='lat' dir='ltr'><strong>ta</strong></span> <span class='ocrx_word' id='word_1_148' title='bbox 395 2362 700 2438; x_wconf 78' lang='lat' dir='ltr'><strong>incuriose,</strong></span> <span class='ocrx_word' id='word_1_149' title='bbox 721 2363 953 2425; x_wconf 85' lang='lat' dir='ltr'><strong>libertos</strong></span> <span class='ocrx_word' id='word_1_150' title='bbox 987 2368 1193 2445; x_wconf 66' lang='lat' dir='ltr'><strong>regim,</strong></span> <span class='ocrx_word' id='word_1_151' title='bbox 1215 2383 1274 2427; x_wconf 87' lang='lat' dir='ltr'><strong>et</strong></span> <span class='ocrx_word' id='word_1_152' title='bbox 1300 2365 1533 2429; x_wconf 80' lang='lat' dir='ltr'><strong>servilia</strong></span> 
     </span>
     <span class='ocr_line' id='line_1_28' title="bbox 321 2448 1535 2535; baseline 0.001 -22"><span class='ocrx_word' id='word_1_153' title='bbox 321 2450 547 2535; x_wconf 63' lang='lat' dir='ltr'><strong>imperia</strong></span> <span class='ocrx_word' id='word_1_154' title='bbox 560 2448 707 2513; x_wconf 84' lang='lat' dir='ltr'><strong>bello</strong></span> <span class='ocrx_word' id='word_1_155' title='bbox 722 2466 1093 2515; x_wconf 85' lang='lat' dir='ltr'><strong>mutaverant.</strong></span> <span class='ocrx_word' id='word_1_156' title='bbox 1118 2467 1236 2515; x_wconf 83' lang='lat' dir='ltr'><strong>erat</strong></span> <span class='ocrx_word' id='word_1_157' title='bbox 1252 2453 1336 2514; x_wconf 87' lang='lat' dir='ltr'><strong>illi</strong></span> <span class='ocrx_word' id='word_1_158' title='bbox 1351 2472 1535 2535; x_wconf 86' lang='lat' dir='ltr'><strong>prae-</strong></span> 
     </span>
    </p>
   </div>
  </div>
 </body>
</html>
