1742 3000
376 162 505 226 344
607 164 670 208 c.
705 164 1095 207 coniurat
1131 161 1431 204 τΑοιτι

366 251 554 323 viora,
590 263 647 307 et
681 246 1013 308 offenfiones
1058 250 1133 308 ob
1168 247 1588 326 rempublicam

366 350 630 415 coeptasr
661 335 681 367 ‘
699 350 868 414 utque
894 341 1089 395 Macro
1111 334 1448 415 praefectus„
1475 335 1589 393 tri·

262 465 273 476 .
368 422 395 478 .‘
420 424 804 500 bonorumque
817 435 879 480 et
887 425 1277 506 centurionum
1294 423 1465 499 pauci
1470 418 1586 494 ,se-

370 507 396 541 ‘
416 528 543 567 cum
573 508 893 582 introirent,
931 510 1197 586 quotiens
1236 509 1454 567 curiam
1485 508 1585 567 in·

362 592 390 632 ⁴
411 591 767 671 grederetur,’
792 594 1015 673 petivit,
1038 593 1291 673 factoque
1306 592 1491 670 large,
1519 608 1584 654 et

362 678 476 741 fine
499 676 925 761 praescriptione
939 683 1179 758 generis,
1206 695 1300 738 aut
1321 682 1584 755 numeri,

364 763 859 843 senatusconsulto,
883 772 1123 828 tie-tecit
1143 764 1368 847 quidem
1387 767 1586 843 urbis,

364 853 510 915 adeo
542 853 823 933 publicum
846 850 1132 913 confilium
1161 872 1479 932 numquam
1514 873 1581 913 a·

360 939 492 1015 diit,
527 939 706 998 deviis
728 939 1053 1018 plerumque
1072 939 1366 999 itineribus
1389 940 1581 1001 ambi·

362 1045 502 1106 gens
518 1027 749 1105 patriam
766 1039 822 1084 et
836 1024 1147 1087 declinant.
1170 1033 1394 1086 Interea
1409 1023 1649 1105 mag-16
1711 1063 1714 1072 ·

366 1133 443 1174 na
464 1114 551 1173 vis
575 1109 952 1178 accusatorum
974 1114 1035 1174 in
1070 1133 1167 1173 eos
1191 1114 1432 1193 inrupit,
1471 1117 1578 1194 qui
1705 1077 1714 1204 J

364 1201 631 1279 pecunias
646 1200 878 1260 foenore
895 1201 1255 1276 antistabant,
1274 1198 1576 1263 adversum

365 1286 545 1364 legem
567 1287 852 1347 dictatoris
877 1285 1141 1361 Caesaris,
1167 1306 1277 1365 qua
1300 1287 1320 1318 ‘
1345 1285 1417 1346 de
1442 1307 1574 1347 mo·

365 1372 388 1407 ⁴
412 1373 491 1433 do
513 1371 795 1447 credendi,
834 1372 1242 1453 poffidendique
1274 1374 1428 1432 intra
1455 1380 1572 1433 Ita·

363 1458 386 1493 ⁴
408 1457 560 1520 liam’
575 1475 831 1531 cavetur-4
857 1458 1103 1522 omissam
1121 1460 1277 1536 olim,
1304 1461 1434 1539 quia
1452 1461 1570 1539 pri-

365 1560 500 1607 vato
516 1542 634 1603 usui
648 1547 859 1605 bonum
876 1546 1160 1623 publicum
1187 1547 1564 1626 postponitur.

364 1629 496 1692 sane
512 1645 672 1692 vetus
701 1634 820 1691 urbi
846 1631 1112 1694 foenebre
1141 1634 1360 1704 malum,
1385 1646 1441 1688 et
1475 1632 1564 1691 se·

362 1717 644 1781 ditionum
682 1718 1187 1799 discordiarumque
1232 1719 1561 1780 creberrima

362 1805 544 1868 cauffa
558 1812 774 1885 {eoque
789 1809 1141 1867 cohibebatur
1156 1808 1401 1886 antiquis
1420 1825 1557 1884 quo·

363 1900 475 1974 q'ue
497 1910 551 1953 et
575 1895 760 1951 minus
783 1895 1062 1972 corruptis
1091 1893 1363 1952 moribus.
1426 1913 1550 1951 nam

361 1982 548 2059 primo
583 1977 871 2038 duodecim
906 1980 1105 2039 tabulis
1136 1978 1404 2054 sanctum,
1433 1979 1453 2010 ‘
1484 1997 1552 2037 ne

362 2063 386 2098 ‘
407 2067 534 2143 quit
562 2067 812 2126 unciario
836 2065 1068 2125 foenore
1082 2065 1317 2144 amplius
1333 2085 1550 2124 exerce·

359 2146 383 2189 ὅ
406 2152 530 2224 ret‚’
564 2170 689 2208 cum
715 2166 877 2209 antea
908 2171 981 2211 ex
1011 2150 1240 2211 libidine
1262 2149 1555 2229 locupleti·

358 2246 456 2295 um
478 2236 809 2310 agitaretur·
833 2236 964 2295 dein
993 2239 1289 2316 rogatione
1320 2236 1550 2296 tribuni·

356 2323 467 2396 cia,
484 2319 553 2380 a'd
575 2317 877 2380 semuncias
895 2321 1113 2382 redacta
1132 2345 1150 2385 t
1168 2321 1436 2402 postremo
1449 2341 1550 2381 ve-

357 2407 461 2466 tita
484 2397 738 2477 versura3
764 2404 1060 2486 multisque
1073 2408 1253 2489 plebis
1279 2408 1427 2468 scitis
1448 2410 1552 2469 ob·
1699 2430 1700 2509 χ

355 2491 506 2552 viam
524 2492 668 2552 itum
688 2490 1005 2554 flaudibm·
986 2516 1007 2571 ς
1047 2514 1190 2575 quae
1216 2499 1428 2557 totiens
1462 2516 1552 2558 re

1693 2662 1696 2699 1
