1742 3000
67 17 192 89 't

475 180 1060 245 ANNALIUM-LIB.
1099 181 1177 221 n.
1298 177 1409 221 101

119 270 128 277 ’
219 278 322 325 aut
345 265 720 345 prominentia
737 263 1013 322 montium
1041 261 1306 336 resistunt,
1331 266 1419 321 in-

221 349 531 431 aequaliter
549 347 822 421 finuatur3
844 368 994 428 pone
1014 366 1223 426 tergum
1243 347 1421 408 insur-

221 441 391 516 gebat
409 434 561 511 filva,
578 436 739 494 editis
757 439 815 494 in
841 435 1011 493 altum
1036 436 1224 510 ramis»,
1246 450 1302 495 et
1321 455 1423 517 pu·

225 546 288 584 ra
310 527 486 581 humo
510 524 658 581 inter
678 524 941 581 arborum
963 535 1217 580 truncos.
1280 542 1425 582 cam-

225 629 366 691 pum
391 622 448 666 et
470 610 646 687 prima
660 606 913 667 filvarum
932 608 1159 666 barbara
1182 609 1325 667 acies
1344 622 1429 667 te'-

233 695 365 756 nuit
395 716 415 765 ς
456 691 557 754 soli
596 691 854 752 Cherusci
888 694 1022 770 juga
1066 691 1329 769 insedere,
1365 707 1429 753 ut

233 779 633 863 proeliantibus
659 780 926 839 Romanis
942 777 1432 859 desuperincurre-
1504 848 1509 855 q

232 880 384 928 rent.
435 864 617 924 noster
633 867 908 924 exereitus
925 862 1216 947 ficincessit
1234 887 1251 924 ε
1277 866 1433 925 auxi·

190 951 196 955 ’
234 955 402 1015 liares
419 951 562 1010 Galli
584 955 956 1031 Germanique
979 954 1036 1010 in
1061 951 1286 1013 fronte:
1315 949 1438 1032 post

237 1056 388 1121 quos
407 1037 617 1117 pedites
635 1035 896 1115 sagittarii
913 1060 928 1096 ε
948 1038 1078 1097 dein
1097 1055 1340 1116 quatuor
1356 1039 1431 1098 le·

238 1128 463 1205 gioues,
480 1139 534 1183 et
549 1143 673 1183 cum
696 1124 908 1184 duabus
925 1126 1219 1203 praetoriis
1237 1127 1438 1183 cohor·

239 1212 417 1285 tibus,
437 1231 501 1270 ac
515 1209 726 1269 delecto
746 1210 932 1288 equite
947 1206 1175 1267 Caesar:
1199 1210 1331 1268 exin
1351 1224 1440 1268 to-

241 1297 419 1359 tidem
443 1297 577 1356 aliae
599 1295 868 1374 legiones,
902 1309 958 1354 et
993 1293 1136 1354 levis
1168 1310 1443 1356 armatura

244 1404 377 1446 cum
399 1384 588 1462 equite
626 1379 932 1460 sagittario,
959 1398 1281 1462 ceteraeque
1305 1376 1444 1443 soci}-

246 1489 413 1532 orum
466 1468 749 1531 cohortes.
830 1470 1085 1529 intentus
1117 1467 1446 1552 paratusque

248 1556 437 1633 miles,
463 1570 525 1614 ut
554 1555 697 1616 ordo
721 1558 980 1634 agminis,
1003 1557 1063 1615 in
1095 1560 1269 1618 aciem
1286 1554 1448 1616 adiis-

163 1664 189 1707 ι
205 1663 236 1720 7
250 1658 413 1704 teret.
460 1639 606 1701 vifis
622 1637 1018 1703 Cheruscorum
1032 1646 1289 1717 catervis»,
1309 1663 1452 1722 quae

253 1750 355 1812 per
375 1727 640 1789 ferociam
676 1743 1066 1808 proruperant,
1100 1728 1451 1790 validissimoa‘

253 1816 506 1896 equitum
523 1817 799 1874 incurrere
813 1813 1304 1888 latus,Stertinium
1323 1834 1452 1877 cum

258 1903 457 1963 ceteris
477 1903 671 1960 turmis
688 1897 1067 1978 circumgredi,
1089 1916 1351 1980 tergaque
1365 1903 1454 1963 iu-

225 1997 232 2004 ·
260 1986 648 2065 vaderejubet‚
666 1985 777 2067 ipse
795 1988 851 2045 in
872 2002 1122 2065 tempore
1144 1985 1453 2049 adfuturus.

260 2074 476 2134 interea
504 2071 931 2153 pulcherrimum
968 2075 1279 2151 augurium,
1326 2077 1456 2137 oc'to

260 2160 485 2239 aquilae
504 2175 688 2239 petere
703 2157 864 2219 filvas
882 2175 936 2218 et
951 2161 1160 2219 intrare
1176 2159 1457 2235 visae,1m·

263 2262 574 2327 peratorem
589 2243 903 2318 advertere3
925 2245 1224 2322 exclamat,
1244 2248 1265 2322 f
1290 2249 1461 2324 irent,

206 2403 213 2416 .
268 2333 290 2365 ⁴
316 2329 672 2410 sequerentur
688 2337 964 2390 Romanas
982 2353 1136 2407 aves,
1152 2336 1375 2414 propria
1391 2333 1465 2393 le·

269 2415 291 2449 ⁴
317 2418 546 2493 giouum
563 2419 836 2489 numina3’
858 2416 1014 2477 simul
1039 2418 1294 2499 pedestris
1320 2421 1464 2477 acies

272 2501 533 2580 infertur,
547 2518 604 2564 et
619 2502 935 2646 praemigus
951 2523 1145 2583 eques,
1161 2501 1465 2583 postremos

919 2606 950 2665 3
