1742 3000
393 138 514 198 170
569 139 629 184 e.
665 138 1049 185 conatur
1084 142 1424 185 ractrr‘

380 222 534 304 quod
551 223 834 300 naviganti
846 223 1211 295 celerrimum,
1237 220 1564 284 fidissimum-

382 329 494 389 que
512 306 732 389 adpulsu
755 323 891 370 erat.
935 324 1102 389 atque
1125 310 1216 368 ubi
1234 311 1473 390 primum
1493 329 1567 371 ex

381 395 500 457 alto
525 393 637 456 visa
661 394 855 472 classis,
877 394 1227 475 complentur
1252 414 1371 455 non
1395 395 1566 456 modo

381 496 578 562 portus
591 495 647 541 et
662 482 921 560 proxima
932 482 1121 556 maris,
1142 480 1231 540 sed
1248 483 1489 557 moenia,
1502 503 1567 542 ac

379 572 542 644 tedia,
566 587 784 648 quaque
800 567 1102 646 longiffime
1121 565 1446 648 prospectari
1464 588 1565 648 po·

378 668 543 727 terat,
573 655 940 715 moerentium
964 655 1150 728 turba,
1183 667 1238 712 et
1270 656 1562 747 rogitanti·

373 759 474 801 um
489 742 635 802 inter
656 739 733 816 se,
754 741 773 773 ‘
802 738 1088 800 filentione
1111 759 1182 798 an
1208 760 1349 801 voce
1383 741 1564 821 aliqua
1610 801 1619 807 ,

377 826 403 862 ‘
423 827 792 906 egredientem
813 827 1171 908 exciperent?
1190 828 1205 852 ’
1227 846 1410 906 neque
1434 826 1561 888 satis

375 913 660 975 constabat
676 913 809 993 quid
837 931 941 993 pro
961 927 1210 992 tempore
1230 910 1404 974 foret:
1438 933 1563 975 eum

378 999 549 1060 classia
588 999 850 1081 paulatim
876 999 1131 1071 successit,
1169 1019 1288 1059 non
1309 1001 1473 1060 alacri
1501 1014 1565 1060 ut

376 1084 584 1147 adsolet
599 1086 827 1165 remigio
841 1108 860 1159 3
882 1085 969 1146 sed
984 1086 1196 1145 cunctis
1211 1083 1276 1144 ad
1294 1084 1565 1147 tristitiam

378 1171 726 1255 compofitis.
784 1171 1068 1253 postquam
1091 1170 1310 1233 duobus
1338 1193 1464 1232 cum
1496 1172 1566 1233 li·

375 1258 526 1321 beris
548 1259 772 1320 feralem
806 1278 1001 1319 urnam
1027 1274 1217 1318 tenens
1239 1257 1444 1336 egress'a
1466 1279 1566 1319 na·

377 1348 462 1422 vi,
484 1344 676 1406 defixit
696 1344 927 1418 oculo„
954 1344 1097 1404 idem
1125 1346 1375 1406 omnium
1393 1348 1568 1425 gemi-

373 1446 494 1506 tus,
524 1450 703 1511 neque
716 1427 1078 1505 discerneres,
1102 1431 1415 1510 proximos,
1437 1432 1569 1491 alie-

377 1534 508 1593 nos,
533 1519 804 1593 virorum,
841 1517 1239 1578 feminarumve
1275 1518 1526 1598 planetus
1547 1540 1567 1580 ε

378 1603 484 1672 nifi
512 1602 666 1684 quod
689 1604 1015 1668 comitatum
1039 1605 1375 1686 Agrippinae
1395 1605 1570 1683 longo

302 1709 309 1716 ·
377 1710 629 1753 moerore
650 1689 859 1768 fefl'um,
888 1690 1039 1750 obvii
1055 1706 1110 1750 et
1125 1705 1370 1751 recentes
1388 1692 1446 1751 in
1464 1690 1569 1752 do-

376 1777 497 1838 lore
518 1779 820 1838 anteibant.
937 1775 1161 1837 Miserat
1195 1776 1331 1836 duas
1355 1794 1564 1856 praeto·
1599 1790 1635 1834 2

376 1865 487 1926 tias
509 1870 767 1925 cobortes
796 1862 1009 1936 Caesar,
1034 1862 1225 1923 addito
1248 1864 1268 1898 ‘
1291 1878 1356 1922 ut
1376 1861 1573 1942 magis·

379 1951 403 1988 ⁴
431 1967 608 2012 tratut
626 1951 932 2025 Calabriae,
948 1950 1245 2030 Apulique,
1265 1964 1323 2009 et
1339 1953 1575 2029 Campa-

379 2033 403 2068 ‘
426 2038 521 2112 ni,
564 2036 811 2118 suprema
843 2056 973 2116 erga
999 2037 1322 2095 memoriam
1356 2034 1457 2095 filii
1492 2034 1576 2096 sui

288 2158 292 2164 -
371 2121 401 2155 ⁴
420 2141 650 2183 munera
679 2121 1086 2201 fungerentur!
1130 2122 1576 2200 igiturtribuno·

379 2226 529 2281 rum,
561 2211 1064 2288 centurionumque
1084 2209 1327 2268 humeris
1353 2209 1573 2269 cineres

377 2294 787 2371 portabantur:
849 2293 1247 2374 praecedebant
1283 2295 1577 2374 incompta

376 2376 555 2459 ligna,
590 2377 728 2438 νει-Ε
750 2375 918 2439 fasces
935 2402 953 2439 ε
1005 2394 1173 2460 atque
1194 2380 1289 2441 ubi
1310 2380 1572 2441 colonias

380 2462 904 2547 transgrederentur,
927 2480 1099 2528 atrata
1119 2465 1327 2549 plebes,
1351 2467 1569 2529 trabea·
