1742 3000
375 130 461 207 48
575 147 634 190 c.
671 111 1054 190 cot-uniri
1090 144 1381 187 *rnen-1

373 226 445 286 ad
463 226 704 304 legatum
728 227 967 304 legionis
984 229 1193 307 primae
1208 234 1276 287 C.
1298 229 1563 287 Cetroni·

376 333 495 387 um,
514 313 895 392 quijudicium
916 328 971 371 et
1001 332 1208 392 poenas
1240 312 1309 373 de
1338 311 1564 391 lingulis

374 400 436 458 in
470 403 620 459 hunc
650 398 877 458 modum
909 400 1174 458 exercuit.
1218 397 1426 459 stabant
1456 420 1563 480 pro

376 487 651 546 concione
672 485 923 561 legiones
936 483 1198 545 destrietis
1220 484 1416 560 gladiis
1436 507 1452 543 ε
1477 506 1562 545 re·

374 589 442 631 us
471 573 531 631 in
550 569 787 648 suggestu
814 590 911 649 per
934 571 1217 630 tribunum
1243 568 1562 639 ostendeba-

375 671 497 716 tur:
539 655 578 716 fi
610 669 874 719 nocentem
898 654 1353 731 adclamaverant,
1399 676 1560 736 prae·

372 762 499 822 ceps
530 742 691 802 datus
731 742 1136 801 trucidabatur·
1120 786 1140 814 ,
1188 756 1252 801 et
1293 743 1564 819 gaudebat

370 828 625 890 caedibus
650 829 826 901 miles,
842 844 1103 906 tanquam
1121 827 1285 887 semet
1313 827 1563 888 absolve-

373 930 493 974 ret.
517 935 621 975 nec
652 911 847 972 Caesar
873 915 1122 987 arcebat,
1141 913 1370 990 quando
1402 902 1562 975 nullo

372 999 533 1081 ipfius
552 997 718 1077 juffu,
742 1019 910 1078 penes
940 997 1153 1059 eosdem
1180 996 1403 1059 saevitia
1430 1000 1562 1060 facti

373 1102 430 1145 et
447 1085 656 1145 invidia
672 1100 819 1157 erat3
841 1083 1005 1144 secuti
1021 1083 1332 1163 exemplum
1350 1100 1562 1146 vetera·

375 1175 457 1247 ni,
481 1172 626 1232 haud
643 1171 821 1230 multo
845 1170 963 1250 post
986 1174 1045 1229 in
1071 1172 1311 1231 Raetiam
1327 1173 1562 1232 mittun-

373 1273 486 1333 tur,
512 1257 685 1339 specie
721 1256 1095 1316 defendendae
1131 1260 1453 1336 provinciae
1483 1260 1561 1317 ob

373 1346 714 1403 imminentis
736 1350 975 1414 Suevos,
957 1365 974 1382 ·
1008 1358 1248 1402 ceterum
1273 1358 1335 1402 ut
1359 1342 1562 1403 avelle-

374 1444 564 1488 rentur
586 1428 793 1503 castris,
816 1429 1059 1489 trucibus
1085 1428 1282 1504 adhuc,
1306 1449 1422 1489 non
1453 1432 1559 1489 mi·

373 1535 479 1575 nus
525 1514 810 1606 asperitate
850 1515 1095 1588 remedii,
1146 1535 1310 1593 quam
1350 1514 1562 1576 sceleris

368 1604 653 1660 memoria.
698 1591 1140 1660 'centurionatum
1164 1601 1293 1660 inde
1306 1603 1450 1676 egit,
1480 1602 1559 1662 ci·

373 1702 519 1745 tatus
561 1689 627 1745 ab
655 1688 983 1766 imperatore
1019 1706 1248 1760 nomen,
1280 1687 1558 1761 ordinem,

371 1774 626 1852 patriam,
651 1793 939 1832 numerum
966 1771 1380 1851 stipendiorum,
1415 1793 1564 1851 quae

370 1857 581 1918 strenue
615 1860 671 1917 in
709 1855 1181 1938 proeliisbfecilset,
1205 1872 1259 1918 et
1288 1861 1373 1916 cui
1398 1874 1561 1919 erant

369 1943 607 2004 donaria
644 1943 932 2018 militaria,
967 1942 1202 2016 edebatg
1237 1941 1275 2002 ss
1308 1945 1557 2018 tribuni,

369 2028 410 2089 fi
431 2030 606 2106 legio,
621 2028 936 2088 industriam
956 2030 1443 2107 innocentiamque
1457 2030 1557 2089 ad-

368 2117 762 2194 probaverant,
790 2116 1062 2174 retinebat
1084 2113 1309 2174 ordines
1331 2136 1348 2174 τ
1375 2116 1468 2174 ubi
1492 2135 1554 2173 a·

366 2200 640 2272 varitiam,
654 2214 748 2260 aut
762 2200 1139 2259 crudelitatem
1158 2197 1423 2260 consensu
1450 2200 1556 2259 ob-

358 2285 723 2367 jectaviffent,
761 2283 1070 2346 solvebatur
1096 2286 1311 2345 militia.
1460 2288 1641 2365 81c45

365 2371 680 2460 compotitis
696 2370 1062 2451 praesentibus
1072 2370 1215 2431 haud
1229 2374 1417 2431 minor
1432 2392 1555 2431 mo·

364 2460 443 2522 les
473 2458 771 2539 supererat,
807 2460 886 2521 ob
912 2456 1169 2522 ferociam
1203 2459 1453 2539 quintae,
1494 2473 1556 2519 et
